1674 2925
237 89 509 136 INSECTA
539 81 1148 125 COLEOPTERA.Ptinus
1282 76 1340 135 63

111 200 207 242 Fur.
243 205 280 249 5.
308 199 357 239 P.
391 193 637 249 <carnacier
660 194 677 245 )
720 191 913 234 testaceus
940 189 1170 244 subapterus
1191 223 1203 242 ‚
1238 193 1339 234 tho..

445 263 540 292 race
590 250 932 301 quatuordentato
961 276 974 295 ,
1025 248 1168 302 elytris
1214 247 1344 291 fasciis

447 306 599 347 duabus
629 304 742 344 albis.

392 362 507 414 Scop.
544 375 653 400 carn.
693 371 789 400 210.
824 357 1015 412 buprestis
1046 358 1122 401 fur.

390 419 516 460 Faun.
548 418 654 467 fitec.
696 414 791 466 651.
826 414 1042 467 cerambyx
1076 414 1155 458 fur.

392 474 539 514 Enum.
572 483 609 526 3.

389 529 490 570 Fab.
516 530 669 568 Ptinus.
698 537 736 576 4.

394 587 458 625 ,De
494 582 618 629 Geer,
648 583 828 623 vrillette
860 581 1106 624 carnaciere.

392 638 515 692 Geoffl
547 639 584 678 la
612 638 761 678 bruche
796 639 818 677 a
852 637 1015 678 bandes.

399 695 504 746 Sulz.
532 695 613 745 lzist.
647 695 717 744 infi
749 705 780 734 t.
809 704 848 733 2.
873 695 915 748 f.
946 692 986 734 8.

396 749 551 803 Sclzaeffi
581 750 693 790 elem.
720 762 754 791 t.
782 759 847 802 30.

457 805 603 856 Frzsclz.
633 806 704 855 ins:
744 815 807 859 13.
845 816 876 845 t.
911 812 977 854 15.

394 860 495 901 Hah.
522 862 564 900 in
595 860 746 900 Museis
772 861 951 914 pe-ffimus
968 889 979 907 ,
1015 860 1217 903 destruens
1247 863 1347 903 her„

447 916 559 957 baria
576 947 588 966 ‚
615 915 759 956 insecta
776 945 789 963 ,
817 929 913 957 aves
928 947 940 966 ,
963 916 1104 970 pelles,
1143 918 1344 970 utensilia,

446 972 641 1013 culinaria
661 1002 673 1020 ‚
711 973 791 1012 imo
822 971 1026 1025 pulverem
1056 972 1219 1024 tabaci3
1262 988 1345 1015 non

448 1028 612 1081 pellitur
638 1027 914 1068 ambrofiacis:
940 1028 1140 1069 occiditur
1165 1029 1346 1071 arsenico

450 1084 490 1124 &
522 1083 706 1123 alumine.
736 1083 923 1125 Kramer.

390 1136 512 1189 Defi.
549 1139 791 1192 Magnitudo
819 1139 1006 1192 pediculi.
1038 1137 1188 1192 Corpus
1217 1151 1347 1183 totum

449 1193 677 1234 testaceum.
712 1194 859 1248 Elycra
897 1209 999 1235 vero
1036 1195 1246 1236 saturatius
1277 1211 1351 1239 co·-

452 1249 583 1289 lorata
604 1280 616 1299 ‚
659 1248 772 1303 super
803 1263 889 1302 quae
924 1251 1010 1291 duae
1053 1250 1181 1292 fasciae
1214 1253 1347 1304 albae,

451 1318 616 1357 quarum
643 1307 794 1357 pectori
821 1307 987 1359 propior
1026 1307 1066 1346 in
1104 1309 1237 1348 medio
1263 1321 1350 1349 non

449 1360 630 1401 cohaeret
649 1391 660 1409 ,
682 1360 807 1401 altera
833 1374 911 1400 ano
938 1362 1105 1414 propior
1130 1363 1346 1404 retrorsum

448 1425 637 1455 arcuatur
669 1414 734 1455 seu
765 1415 949 1456 flectitur.
994 1418 1203 1456 Abdomen
1239 1431 1348 1459 ova-

452 1480 537 1510 tum
552 1472 588 1511 ὅ(
606 1483 832 1510 convexum
859 1472 1069 1511 admodum
1096 1472 1162 1512 est.
1185 1472 1350 1514 Thorax

451 1525 638 1580 angustus
665 1538 856 1566 mucrone
880 1528 1066 1579 utrinque
1097 1530 1349 1581 prominu103

454 1583 548 1623 dum
601 1581 751 1620 incedit
816 1594 912 1621 anus
969 1591 1088 1622 terrae
1139 1585 1349 1626 incumbit.

450 1637 616 1677 Medius
662 1636 766 1688 quasi
797 1636 850 1676 est
900 1637 1006 1678 inter
1053 1640 1261 1681 dermestes
1308 1642 1349 1682 ὅ(

454 1692 698 1733 cerambices
733 1723 745 1741 ‚
803 1706 891 1732 cum
941 1702 1060 1746 caput
1115 1694 1182 1734 sub
1243 1696 1350 1737 colle

456 1747 637 1788 retrahat
688 1748 726 1788 ὅ(
768 1758 962 1788 antennas
990 1752 1084 1799 {non
1128 1749 1306 1792 setaceas
1333 1782 1347 1802 ‚

455 1802 523 1843 sed
549 1802 755 1844 filiformes
783 1804 921 1844 Gerar.
948 1802 1075 1843 Faun.
1101 1803 1179 1859 657
1198 1808 1238 1848 ὅ(
1263 1821 1351 1848 non

459 1858 557 1909 651.

68 1973 310 2017 Germanus.
339 1969 379 2015 6.
408 1972 454 2013 Ρ.
483 1972 501 2023 (
528 1970 753 2012 l'aliemand
778 1973 796 2023 )
825 1969 954 2013 fuscus
976 2001 988 2021 ,
1015 1972 1183 2014 thorace
1215 1974 1349 2015 trans*

457 2028 599 2068 versim
635 2026 782 2082 rugoso
803 2058 816 2078 ‚
840 2027 1008 2081 pedibus
1035 2027 1287 2083 ferrugineis.

403 2083 499 2125 Fab.
528 2084 680 2124 Ptinus.
704 2095 744 2122 2.
864 2136 870 2137 ἶ

398 2136 500 2180 Hah.
528 2140 566 2178 in
598 2140 822 2179 Germania.
853 2138 909 2180 D.
938 2138 1138 2180 Sclzreber.

407 2194 542 2237 Facies
569 2195 616 2236 P.
642 2196 858 2248 pertinacis
876 2224 888 2241 ,
913 2196 986 2245 sed
1011 2197 1152 2237 minor.
1186 2195 1228 2237 T
1223 2196 1348 2236 lzorax

462 2251 601 2304 gibbus
627 2281 640 2299 ‚
695 2251 912 2300 transversi>
952 2251 1148 2300 sulcatus.
1201 2253 1348 2308 Elytra

451 2308 611 2362 striata,
640 2307 767 2347 Pedes
783 2304 952 2359 subrufi.
