1593 2940
166 135 427 173 INSECTA
458 130 836 172 HEMIPTERA.
868 133 1028 174 Cicada.
1052 136 1161 178 Defl.
1215 147 1295 191 473

360 238 460 278 Hah.
488 241 526 279 itz
552 239 680 280 Gallia
715 240 821 280 Aust.

362 293 479 342 Dese.
510 299 601 334 Nec
618 296 741 341 ulmi,
771 310 845 336 nec
864 297 999 337 cicada
1028 310 1163 340 aurata
1185 301 1298 344 Linn.

418 361 493 391 nec
525 349 673 402 fulgida
700 351 793 390 Fah.

38 461 261 504 Os-album.
289 468 357 515 75.
389 461 436 500 C.
468 463 522 501 D.
555 464 572 512 (
598 459 634 499 la
673 461 832 502 bouche
858 461 1025 502 blanche
1052 463 1069 511 )
1110 462 1303 504 testaceo-

421 515 538 564 rufa,
566 529 636 555 ore
666 516 771 557 albo.
978 521 988 529 ⁹

366 571 466 610 Hah.
507 572 545 609 in
587 571 738 611 Breffia.

365 626 482 675 Dese.
533 624 635 663 Τοῖα
681 627 791 679 supra
824 627 1130 668 testaceo-rufa
1154 657 1166 677 ‚
1194 629 1304 682 supra

420 681 712 734 punRatiffi111a.
743 682 818 721 Ore
856 683 961 723 albo.

44 795 265 848 Argentea.
292 793 360 847 76.
392 792 440 831 C.
470 794 522 830 D.
556 795 572 843 (
604 791 819 845 l'argentee
846 794 862 841 )
900 792 1038 846 elytris
1070 795 1268 846 argenteis
1292 822 1308 841 ,

424 847 559 886 nervis
587 846 809 886 alternatim
843 846 957 887 fuscis
987 848 1279 901 diaphanisque.

373 901 477 941 Hah.
509 902 548 940 in
578 901 705 940 Gallia
733 901 840 942 Aust.

368 957 484 1006 Deft.
515 959 658 996 Parva.
681 955 806 1003 Caput
843 958 1024 1009 nigrum,
1053 966 1235 997 ornatum
1263 957 1310 997 li-

424 1012 509 1055 neis
535 1012 684 1051 duabus
711 1011 838 1051 flavis.
861 1011 1020 1052 Thorax
1042 1015 1176 1066 niger,
1205 1011 1311 1051 flavo

425 1068 557 1107 antice
593 1068 630 1107 &
671 1067 818 1119 postice
861 1068 1117 1121 marginatus.
1163 1067 1310 1119 Elytra

428 1123 477 1160 ad
502 1125 652 1173 apicem
672 1122 814 1163 lineam
841 1121 984 1163 fuscam
1014 1122 1310 1163 transversalem

430 1175 578 1217 ferunt.

63 1289 272 1332 Bilineata.
303 1297 370 1342 77.
402 1287 449 1326 C.
483 1289 536 1326 D.
572 1289 589 1338 (
628 1287 864 1342 l'ambiligne
905 1289 923 1338 )
968 1288 1070 1327 areta
1096 1316 1108 1334 ,
1154 1287 1312 1337 albida,

427 1343 468 1381 in
512 1342 663 1395 fingulo
714 1344 850 1397 elytro
895 1342 999 1382 linea
1043 1343 1155 1395 nigra
1204 1343 1313 1395 juxta

434 1399 650 1451 marginem
685 1399 928 1438 interiorem.

374 1452 472 1491 Hah.
506 1453 544 1491 in
579 1452 706 1492 Gallia
737 1453 847 1493 Aust.

376 1507 492 1556 Dese.
522 1506 648 1558 Caput
675 1508 875 1553 albidum,
913 1508 952 1546 in
982 1517 1152 1560 utroque
1188 1508 1314 1548 latere

431 1561 546 1602 fascia
596 1564 706 1616 nigra
759 1563 919 1602 sinuata.
975 1561 1135 1601 Thorax
1183 1564 1313 1614 capite

432 1617 655 1667 concolor,
703 1619 751 1657 ad
784 1618 908 1658 latera
951 1627 1118 1671 utraque
1163 1617 1315 1658 macula

430 1685 558 1724 nigra.

49 1782 382 1840 40Punc’tata‚78.
414 1782 461 1821 C.
494 1784 547 1821 D.
582 1783 660 1833 (la
681 1784 873 1836 pon-&nee
900 1785 917 1833 )
959 1783 1111 1835 albida,
1145 1792 1314 1837 quatuor

434 1838 584 1889 punffis
613 1841 735 1892 nigris
761 1841 801 1879 in
834 1840 1013 1880 thorace.

378 1892 480 1934 Hah.
516 1894 554 1933 in
585 1894 712 1934 Gallia
747 1894 858 1936 Aust.
