1593 2940
188 99 270 151 590
413 94 766 136 ANAtYch
813 103 880 136 n
921 90 1265 142 Co'MPARATn'

242 185 336 237 obs.
356 195 389 226 ¹.
404 187 532 240 Hujus
546 189 708 242 generis
727 200 876 228 nomen
894 188 1135 242 transposuit
1155 191 1211 232 D.
1233 192 1280 231 de
1300 188 1450 232 Geerus
1468 204 1488 240 ,·

180 244 231 284 ad
259 243 543 284 tenebrionem
574 243 766 284 fossorem
799 244 950 284 Linnaei
973 259 984 295 3
1011 258 1111 299 ergo
1133 246 1201 287 sub
1228 249 1371 287 eodem
1401 263 1485 289 no-

179 300 287 340 mine
330 301 371 339 in
417 300 584 341 diversis
625 300 918 354 entomologiis
951 331 964 349 ‚
993 300 1159 343 histeres
1180 334 1193 353 ‚
1220 304 1483 346 tenebriones

177 355 334 396 Linn‘aez'
357 357 395 397 ὅ(
427 355 484 398 D.
518 356 643 410 Geoff.
673 357 843 397 attelabi
884 357 1155 410 reperiuntur.
1196 359 1359 413 Insuper
1393 373 1485 413 pars

178 412 452 453 attelaborum
496 413 565 453 sub
592 412 758 453 nomine
790 412 920 462 cleri,
948 425 1038 466 pars
1064 415 1172 456 inter
1191 415 1448 456 curculiones
1467 446 1482 465 ,

176 482 268 523 pars
312 470 419 510 inter
449 469 712 519 cerambyces
742 500 754 519 ‚
786 482 876 523 pars
914 467 983 509 sub
1013 483 1164 524 genere
1202 470 1482 512 colliurusin-

177 524 284 567 clusa
312 541 323 575 3
358 539 457 581 ergo
488 526 568 566 hoc
598 539 726 579 genus
762 526 883 566 valde
915 525 1148 567 dilaniatum
1181 527 1268 568 fuit,
1302 531 1354 569 V.

237 581 328 632 obst
366 594 405 621 2.
454 583 518 621 An
549 582 625 622 hac
669 583 909 635 opinionum
936 583 1167 625 diversitate
1209 584 1480 625 infirmaretur

179 640 415 680 Linaeanum
444 639 641 693 systema?
665 640 839 679 Minime
859 641 983 680 credo
1003 655 1015 691 3
1034 640 1101 680 sed
1129 641 1287 681 tarsium
1318 640 1480 682 metho-u

173 697 228 736 do
265 695 437 737 fulciens
474 694 571 737 clar.
611 695 656 735 de
701 694 855 735 Geerus
888 726 901 745 ‚
956 709 977 736 a
1010 697 1224 750 generibus
1259 697 1480 752 systematis

173 752 391 794 abscedere
420 752 638 805 aliquoties
670 751 747 792 fuit
777 752 952 793 coa&us.
996 754 1061 793 Sic
1088 755 1129 793 in
1170 753 1356 806 praesenti
1388 753 1479 794 casu

173 822 226 849 ex
282 808 362 850 hoc
406 823 558 864 genere
597 839 610 858 ‚
661 806 883 849 attelabum
934 809 1230 850 ceramboidem
1274 810 1396 862 ejecit
1439 811 1478 850 ὅ(

172 865 282 906 inter
312 866 576 912 cerambvces
604 864 807 919 relegavit
837 879 848 914 3
879 864 931 905 sic
962 863 1151 905 fofforem
1194 866 1475 906 tenebrionem

170 917 243 961 sub
263 922 332 962 suo
354 913 505 977 genere
525 920 693 961 attelabi
728 921 953 961 collocavit
971 935 978 959 :
999 920 1066 961 sed
1083 921 1179 962 licet
1198 923 1353 962 tarsium
1383 935 1475 962 me·-

172 979 324 1019 thodus
342 976 552 1033 ingeniosa
569 979 606 1018 &
624 977 734 1017 utilis
761 977 806 1016 sit
828 1009 840 1026 ‚
870 977 1014 1018 oculos
1041 976 1302 1017 nihilominus
1329 976 1474 1032 fatigat

169 1032 324 1076 lentem
352 1034 437 1075 fere
466 1035 664 1075 continuo
692 1033 819 1087 exigit
840 1064 853 1080 ,
889 1034 928 1073 ὅ(
959 1032 1105 1073 ἰῃῖεὲὶᾶ
1131 1034 1298 1074 multum
1317 1033 1475 1074 diversa

169 1088 319 1145 jungit.
334 1095 504 1130 Naturae
518 1089 785 1131 caraaeribus
806 1089 1087 1130 deficientibus
1102 1119 1110 1133 ‚
1128 1101 1238 1130 notae
1253 1089 1474 1130 carat‘ieriss

171 1148 265 1187 ticae
284 1147 488 1188 faciliores
502 1146 792 1187 conservandae
806 1146 909 1185 sunt.
925 1147 1128 1185 Praeterea
1147 1145 1341 1186 fastidium
1360 1146 1474 1186 exci-

169 1211 231 1243 tat
250 1204 336 1244 haec
364 1203 574 1243 vacillatio
596 1231 606 1248 ‚
628 1216 704 1243 nec
723 1204 772 1241 ad
789 1201 967 1242 scientiae
984 1200 1229 1255 progressum
1248 1202 1371 1242 utilis.
1395 1203 1474 1241 Ge-

169 1272 269 1300 nera
309 1257 530 1314 systematis
560 1260 743 1311 augenda
766 1289 780 1306 ,
815 1258 946 1310 aliqua
980 1257 1087 1298 forte
1115 1258 1364 1298 emendanda
1392 1257 1471 1298 effe

169 1314 306 1356 fateor
327 1347 339 1366 ‚
372 1318 479 1370 quod
512 1315 645 1356 facere
673 1329 757 1355 non
781 1314 896 1355 ausus
925 1344 937 1361 ,
978 1324 1232 1367 exequentur
1259 1314 1325 1354 alii
1369 1316 1473 1354 doc-

169 1372 298 1413 tiores
335 1385 557 1425 eorumque
595 1385 719 1425 opera
753 1401 765 1419 ,
811 1371 988 1412 scientiae
1031 1370 1206 1411 naturali
1247 1384 1298 1411 eo
1343 1371 1469 1425 magis

169 1430 452 1471 commodiora
476 1430 584 1482 quod
600 1430 639 1468 in
673 1428 904 1471 clientelam
922 1429 1074 1471 Linnaei
1090 1429 1247 1485 plantas
1267 1429 1304 1471 δε
1323 1427 1468 1470 insecta

172 1486 363 1529 audacius
403 1485 573 1529 ferrent„
607 1486 664 1528 V0
