1674 2925
231 76 496 121 INsEc‘rA
527 70 955 113 COLEOPTERA.
987 66 1155 109 Caffidass
1279 81 1333 126 93<

518 179 587 219 Ex
609 179 711 230 spec.
743 177 800 218 D.
827 174 875 216 F.

87 291 246 334 Affinis.
278 291 318 333 8.
346 294 394 333 C.
436 294 455 344 (
493 288 687 345 ponctuee
732 289 781 328 de
830 287 964 337 noir)
1010 285 1152 340 elytris
1198 289 1335 342 griseis

440 344 784 400 nigro-panstatis
811 373 826 391 ,
877 341 1043 382 thorace
1088 342 1331 388 flavescente

448 400 716 441 immaculato.

391 457 493 498 Hah.
532 458 572 495 in
614 453 841 495 Germania.
881 452 939 494 D.
983 454 1027 492 de
1059 452 1237 507 Hattorf.
1290 457 1336 494 In

446 511 590 552 Gallia.
621 513 675 552 V.

60 624 321 679 Ferruginea.
353 634 391 677 9.
419 624 467 663 C.
505 620 734 674 (rouillee)
758 621 870 674 nigra
890 648 901 665 ‚
923 618 1090 663 thorace
1117 619 1335 675 elytrisque

452 677 712 718 immaculatis
737 675 990 729 ferrugineis.

394 733 540 773 Enum.
578 743 645 786 90.

392 790 536 841 Bygtr.
571 788 637 827 62.
670 797 709 840 3.

390 844 490 885 Hah.
522 844 561 883 in
600 842 825 883 Germania.

394 899 535 939 Paullo
563 899 692 938 minor
724 898 862 938 caffida
895 906 930 935 Ι.
970 897 1095 951 Supra
1125 905 1214 939 tota
1248 899 1336 939 fer-

448 955 613 1009 ruginea
633 984 646 1005 ‚
676 953 808 1007 elytra
846 952 1045 1006 punctam.

90 1066 292 1110 cruciata.
324 1075 389 1106 10.
423 1066 469 1106 C.
500 1068 517 1117 (
543 1067 566 1105 ὲ
594 1073 733 1118 quatre
780 1063 919 1104 taches
967 1062 1103 1115 jannes
1133 1066 1150 1114 )
1201 1064 1345 1105 flaves-

451 1133 579 1170 cens,
627 1120 735 1160 disco
776 1120 923 1172 nigro,
963 1118 1126 1160 maculis
1167 1130 1338 1172 quatuor

453 1176 774 1216 flavescentibus.

399 1232 497 1272 Hah.
531 1232 568 1270 in
601 1234 771 1284 Europae
800 1230 959 1283 plantis.

398 1287 485 1336 Obfi
515 1287 628 1327 Licet
648 1286 734 1326 haec
753 1286 891 1325 caffida
913 1284 1108 1337 descripta
1126 1285 1164 1324 in
1185 1284 1341 1339 system.

450 1351 636 1391 naturae3
672 1342 776 1381 inter
809 1341 988 1381 exoticas
1019 1342 1066 1379 C.
1104 1353 1126 1379 a
1154 1340 1213 1381 D.
1251 1341 1343 1383 Lin.

450 1398 489 1437 ὅ(
524 1398 568 1435 de
606 1395 705 1435 Geer
751 1395 951 1436 collocata
996 1394 1070 1434 fuit
1105 1425 1119 1444 ‚
1162 1396 1255 1436 inde
1296 1405 1341 1436 ut

451 1451 645 1502 Europam
690 1452 738 1491 ad
768 1451 826 1491 D.
858 1451 951 1493 Fab.
982 1450 1173 1505 pertinet.
1202 1453 1256 1493 V.

545 1561 609 1601 Ex
642 1564 730 1613 nost.
762 1561 872 1612 Mus.

67 1676 291 1721 Mutabilis.
321 1686 385 1717 11.
417 1676 465 1716 C.
501 1672 572 1726 (la
600 1672 884 1728 changeante)
913 1681 1051 1713 aurata
1076 1672 1216 1715 nitida.
1244 1685 1272 1714 τ.
1305 1679 1347 1717 1:

448 1731 489 1784 f.
523 1740 589 1769 11.

398 1786 496 1828 Hah.
536 1787 742 1837 Frequens
778 1785 820 1824 in
855 1785 1023 1835 dometis
1053 1784 1206 1825 Galliae.

399 1842 515 1892 Defi.
563 1842 670 1880 Dum
710 1840 815 1881 vivit
863 1848 1000 1880 aurata
1044 1841 1169 1879 nitida
1196 1871 1209 1890 ‚
1258 1838 1343 1894 post

451 1905 622 1937 mortem
673 1894 832 1948 pallida.
900 1898 1042 1938 Parva.
1091 1895 1240 1948 Fulget
1298 1905 1344 1937 ut

454 1952 640 2007 punctum
666 1960 859 1993 auratum.

471 2063 537 2103 Ex
568 2064 668 2104 icon.
697 2061 755 2102 D.
786 2061 940 2117 Sclzaeffi

68 2177 241 2224 vittata.
270 2186 335 2220 12.
366 2176 416 2217 C.
453 2175 473 2226 (
512 2173 534 2213 ἐι
568 2175 673 2214 deux
703 2171 854 2217 bandes
889 2182 1026 2217 vertes
1057 2174 1076 2229 )
1117 2175 1215 2220 iton.
1250 2177 1345 2232 2772*

451 2230 491 2283 f·
524 2238 590 2293 3‚4·

406 2285 503 2328 Hah.
541 2299 581 2327 ln
623 2285 795 2339 Europa.
