1593 2940
166 131 248 179 594
386 118 735 161 ANALYTICA
780 127 846 157 ET
889 117 1232 162 COMPA'RAT.

223 211 316 262 Obs.
345 221 382 251 Ι.
401 210 673 265 Cerambyces
692 211 847 250 Linnaei
867 211 908 251 in
927 209 951 250 8
975 225 1125 266 genera
1145 225 1168 252 a
1191 212 1249 253 D.
1272 211 1451 256 Fabricio

161 267 275 309 diviii
310 266 490 307 fuerunt.
532 268 599 306 An
631 265 786 306 facilius
816 266 1112 320 dignoscendi?
1141 269 1313 309 Dubito.
1333 270 1451 311 Lim-z⁰

159 335 272 366 notae
299 321 625 363 charafleristicae
651 352 662 370 ‚
700 336 787 362 cum
814 333 913 362 nota
935 322 1010 363 hac
1028 324 1212 377 specifica
1248 324 1370 364 oculis
1406 328 1462 366 lua

154 381 271 420 natis
305 411 317 429 ‚
368 392 509 419 omnes
543 378 851 419 incertitudines
896 379 1048 432 pellere
1099 380 1216 420 nobis
1247 382 1451 424 videntum

155 438 312 477 Mirum
357 437 466 488 quod
506 434 563 474 D,
599 431 724 488 Geoffi
760 434 826 486 qui
866 433 972 475 hunc
1008 434 1277 476 charanerem
1303 438 1453 490 primus

156 492 445 533 animadvertit
463 520 476 539 ‚
508 502 634 544 genus
656 490 789 542 prioni
813 488 1073 531 nihilominus
1090 493 1346 546 adoptaverit
1368 523 1380 542 ,
1400 505 1453 534 eo

154 549 267 602 quod
301 558 488 586 antennae
530 545 604 585 sint
633 544 807 586 ferratae.
844 548 964 600 'Quot
999 560 1148 601 genera
1185 560 1297 589 nova
1336 547 1456 589 stabi-

153 604 289 644 lienda
310 634 323 652 ‚
342 604 368 642 fi
383 602 469 642 haec
491 610 590 642 nota
605 599 828 642 sufficeret!
852 606 958 642 Nam
982 617 1033 642 ex
1052 603 1132 656 ipsa
1151 603 1246 645 clar.
1277 605 1451 644 austeris

149 660 349 700 methodo
361 689 371 707 ,
395 659 502 697 inter
521 657 612 697 suos
632 658 891 712 cerambyces
909 660 946 699 ὅ(
963 658 1091 699 oculis
1104 658 1251 700 lunatis
1264 660 1302 701 ὅ(
1320 660 1452 700 tarso-

150 730 240 756 1um
260 713 634 766 articulisuquatuor
655 713 873 767 spongiofis
894 715 1138 755 ordinandus
1156 713 1252 755 esset
1274 731 1286 765 ;
1313 726 1449 756 anten-

148 784 291 812 narum
322 769 452 824 figura
480 770 530 809 ad
568 781 721 809 novum
748 768 998 809 formandum
1030 772 1160 825 'genus
1190 771 1446 812 insufficiens-o

150 826 382 868 Generibus
396 826 517 866 novis
543 825 600 864 D.
628 823 801 865 Fabricii
827 826 987 866 minime
1012 827 1319 879 perturbamur:
1340 840 1449 868 nova

148 884 205 924 δί.
225 882 387 923 insolita
440 880 656 922 methodus
699 882 944 922 mutationes
984 881 1205 923 necessario
1261 883 1449 923 absterfit.

148 940 229 980 Sed
257 939 283 978 sl
318 953 459 978 nomen
485 937 708 988 genericum
738 938 855 976 unius
884 938 1040 988 generis
1064 968 1077 986 ‚
1113 939 1184 990 nisi
1202 939 1452 989 fitpervacaa-

149 1011 267 1034 ncum
301 1025 314 1044 ‚
360 994 400 1033 in
429 994 542 1033 aliud
573 993 793 1046 transferri
819 994 926 1033 haud
963 994 1102 1041 dehet,
1142 993 1275 1033 forsan
1324 1008 1453 1048 necy-

147 1051 249 1091 dalis
291 1050 387 1104 Jsyst.
430 1048 500 1089 sub
549 1047 794 1101 lepturarum
837 1048 992 1089 vexillo
1018 1050 1055 1090 &
1100 1049 1306 1090 nonnullae
1355 1063 1452 1091 can-

146 1106 329 1147 tharides
356 1135 369 1155 ‚
402 1104 471 1144 sub
520 1104 729 1158 necydalis
773 1105 937 1145 nomine
983 1105 1172 1145 incedere
1203 1105 1441 1146 debuissent.

142 1162 284 1204 Dubia
314 1160 577 1215 proponimus
600 1190 612 1210 ‚
642 1159 774 1200 solvet
801 1170 956 1213 tempus
991 1175 1003 1210 ;
1031 1159 1098 1200 sed
1127 1160 1350 1202 dubitando
1376 1162 1444 1202 vei.

148 1217 346 1258 haerendo
373 1246 386 1264 ‚
421 1216 566 1257 horum
610 1215 818 1270 insignium
863 1216 1230 1270 Euromologorum
1275 1217 1444 1270 gloriam.

150 1273 397 1315 obnubilare
434 1286 510 1313 nec
559 1285 630 1312 eos
674 1285 840 1325 carpere
884 1285 968 1312 non
1017 1274 1132 1312 venit
1171 1273 1212 1311 in
1255 1283 1444 1314 mentem²

147 1332 231 1371 Ars
264 1328 433 1369 difficilis
452 1359 465 1378 ‚
494 1329 744 1381 vituperatio
772 1327 914 1368 facilis.
948 1330 1000 1368 V.

206 1386 299 1436 Obs.
317 1397 357 1424 2.
376 1387 520 1425 Larvae
538 1384 819 1438 cerambycum
840 1383 1164 1437 lepturarumque
1185 1396 1324 1437 parum
1340 1398 1441 1439 cog·-

147 1443 247 1483 nitae
267 1473 281 1492 ,
309 1440 470 1481 difficile
505 1442 743 1481 educantur.
780 1442 823 1479 In
854 1439 974 1494 lignis
1009 1440 1047 1480 ὅ(
1077 1439 1144 1480 sub
1165 1441 1321 1481 cortice
1338 1442 1443 1481 anti—

150 1512 318 1553 quarum
353 1496 541 1537 arborum
588 1495 939 1536 transformantur.
975 1497 1029 1536 V.

215 1554 306 1604 Obs.
331 1564 369 1606 3.
404 1556 515 1593 Inter
541 1565 650 1592 nova
686 1565 835 1606 genera
866 1551 922 1592 D.
952 1551 1051 1592 Fab.
1095 1553 1274 1604 quaedam
1308 1565 1445 1604 parum

145 1609 374 1650 numerosa.
415 1609 531 1648 Solus
588 1608 805 1662 cerambyx
844 1609 1128 1659 serraticornis
1170 1608 1239 1648 sub
1274 1610 1439 1648 nomine

148 1667 276 1716 calepi
296 1697 309 1714 ‚
334 1664 552 1718 cerambyx
583 1664 784 1718 inquzfitor
802 1695 815 1714 ‚
831 1665 961 1716 curfhr
980 1695 992 1716 ,
1023 1665 1143 1704 nodis
1161 1695 1174 1714 ‚
1189 1664 1256 1704 sub
1277 1666 1440 1704 nomine

148 1722 311 1772 Rhagii.
340 1723 394 1761 V.

206 1777 296 1826 Olafi
317 1788 357 1827 4.
376 1776 540 1816 Limites
556 1807 569 1824 ,
592 1775 853 1830 cerambyces
871 1777 976 1817 inter
993 1778 1028 1817 ὃ(
1050 1776 1224 1828 lepturas
1245 1775 1299 1816 D.
1319 1775 1437 1817 Linrz⁰

151 1832 282 1873 oculis
324 1832 529 1874 lunaribus
571 1831 796 1888 neglectis,
830 1831 929 1872 felix
973 1833 1040 1886 qui
1077 1832 1268 1885 assignare
1312 1829 1436 1872 solide

147 1888 320 1944 poterit.
354 1890 409 1931 V.
