1593 2940
251 157 334 202 300
399 151 665 195 INSEcTA
693 149 1119 193 CotEOPTERA.
1153 151 1386 198 cantharis.⁴

577 259 679 300 Hah.
724 263 829 300 intra
869 260 1038 315 quercsts
1081 260 1245 315 lignum.
1294 266 1340 304 In
1390 266 1519 308 Gallia

634 316 746 357 Aust.
773 319 826 356 V.

577 370 694 421 Dese.
741 370 890 422 Corpus
924 372 1236 413 teretiusculum.
1280 374 1515 427 Ferruginecz

632 426 721 465 sunt
753 439 896 479 corpus
916 457 928 476 ‚
963 429 1096 479 peCms
1115 458 1127 476 ‚
1156 428 1329 479 thorax,
1357 430 1512 483 elytra,

632 482 830 521 abdomen
850 512 862 530 ‚
892 483 1025 534 pedes.
1059 482 1189 533 Nigra
1221 495 1337 538 caput
1356 515 1368 534 ‚
1403 487 1512 526 oculi

633 537 672 576 &
738 536 961 590 ely-trorum
1027 550 1127 591 apex
1188 552 1275 578 cum
1336 542 1514 594 margine

630 593 850 632 exteriore.
893 592 1025 632 Peffus
1056 594 1198 633 lamina
1240 608 1422 636 convexa
1451 605 1517 635 te-

631 648 753 699 gitur.
809 647 886 688 Rei
941 648 1112 690 nauticae
1165 650 1335 703 peffima.
1388 650 1513 693 Faun-

632 701 729 754 718.

205 866 211 872 .
245 830 473 875 Melanura.
502 838 568 888 35.
599 834 645 874 C.
682 836 699 887 (
725 834 762 875 la
789 834 990 876 melanure
1017 835 1034 885 >
1063 834 1230 875 thorace
1261 836 1514 881 rotundato,‘

631 903 803 943 corpore
832 892 943 930 luteo
961 919 974 937 ,
1004 890 1144 944 elytris
1175 891 1287 943 apice
1321 892 1459 944 nigris.
1490 891 1512 937 ἶ

577 945 672 985 Fal).
708 946 771 986 16.

581 1000 704 1054 Geoffi
737 1002 882 1042 cicind.
908 1010 941 1049 5.
975 1000 1089 1041 Teste
1117 1000 1236 1041 D,F.

572 1055 696 1097 Faun.
733 1056 862 1096 Fridr.
896 1065 986 1109 153.

572 1111 672 1151 Hah.
702 1113 741 1151 in
777 1115 949 1163 Europa.

573 1165 689 1215 Dese.
719 1168 919 1206 Simillima
945 1167 1078 1206 canth.
1111 1167 1331 1213 cardiacae,
1359 1167 1511 1221 magni-

629 1222 795 1271 tudine,
834 1222 1007 1271 statura,
1055 1223 1194 1262 colore
1215 1252 1226 1270 ‚
1259 1222 1324 1261 sed
1363 1223 1510 1262 thorax

627 1276 786 1329 planior
804 1308 815 1325 ‚
848 1277 1080 1329 inaequalis,
1108 1291 1182 1316 nec
1208 1287 1326 1329 caput
1354 1278 1509 1330 nigrum

630 1332 669 1372 ὃ(
685 1331 811 1372 ultimi
830 1342 984 1372 tantum
1001 1333 1223 1386 elytrorum
1242 1333 1373 1385 apices
1392 1331 1509 1385 nigri.

629 1386 750 1426 Faun.
781 1398 878 1441 719⁰

578 1441 668 1492 Obfi
701 1444 765 1482 De
791 1442 1028 1498 synonymia
1057 1443 1113 1483 D.
1142 1442 1184 1482 F.
1213 1441 1331 1482 valde
1351 1441 1505 1482 dubito.

629 1498 814 1538 Linnaeus
855 1512 936 1538 non
978 1499 1118 1539 citavit
1157 1497 1243 1536 hist.
1280 1497 1350 1536 ins.
1392 1496 1507 1549 paris.

625 1552 784 1604 insuper
819 1553 1011 1593 cicindeia
1053 1553 1108 1593 D.
1148 1552 1268 1604 Geoffi
1301 1552 1507 1591 thoracem

626 1607 785 1660 planum
816 1610 1155 1661 marginatumque
1184 1608 1304 1647 habet
1324 1637 1336 1654 ‚
1371 1608 1436 1658 qui
1470 1607 1512 1645 in

629 1662 765 1702 canth.
795 1663 996 1703 melanura
1024 1664 1261 1703 rotundatus
1289 1661 1357 1702 est.
1381 1665 1434 1703 V.

672 1791 736 1829 Ex
758 1791 861 1842 spec.
893 1790 951 1831 D.
982 1789 1080 1830 Fab.

270 1900 474 1954 Nigripes.
506 1889 573 1954 36}
601 1901 648 1941 C.
683 1904 698 1953 (
724 1901 782 1941 les
812 1911 941 1954 partes
969 1901 1137 1951 noires)
1168 1899 1335 1941 thorace
1362 1908 1503 1940 rotun-

628 1958 752 2006 dato,
785 1957 921 2006 lutea,
954 1958 1190 2005 abdomine,
1218 1956 1380 2008 pedibus
1412 1955 1506 2008 ely-

627 2022 858 2064 trorumque
887 2013 1067 2064 *apicibus
1096 2012 1231 2064 nigris.

569 2067 667 2106 Hah.
698 2068 737 2105 in
769 2070 929 2120 Europa
970 2067 1144 2107 Boreali.
1191 2066 1250 2106 D.
1289 2066 1416 2104 Lund.
1462 2067 1506 2104 In

625 2122 768 2162 Gallia.
799 2125 852 2163 V.

298 2249 475 2291 Probos-
503 2259 567 2304 37.
600 2249 646 2287 C.
681 2251 698 2300 (
726 2248 763 2288 le
795 2248 952 2287 musean
978 2248 995 2296 )
1035 2247 1146 2300 nigra
1165 2277 1177 2295 ‚
1210 2246 1349 2299 ely-tris
1381 2244 1502 2284 testa-

241 2303 369 2346 cidea.
626 2305 706 2344 ceis
738 2305 848 2355 apice
879 2304 1000 2357 nigris
1021 2333 1033 2352 ‚
1060 2304 1183 2355 palpis
1215 2301 1373 2340 hamato
1405 2302 1504 2339 irre-²

625 2359 840 2411 gularibus.

569 2413 669 2455 Hab.
701 2415 739 2454 in
774 2413 995 2454 Germaniae
1026 2413 1157 2466 lignis.
1185 2412 1244 2454 D.
1264 2413 1309 2453 de
1331 2409 1506 2464 Hattorf,
