<?xml version="1.0" encoding="UTF-8"?>
<!DOCTYPE html PUBLIC "-//W3C//DTD XHTML 1.0 Transitional//EN"
    "http://www.w3.org/TR/xhtml1/DTD/xhtml1-transitional.dtd">
<html xmlns="http://www.w3.org/1999/xhtml" xml:lang="en" lang="en">
 <head>
  <title>
</title>
<meta http-equiv="Content-Type" content="text/html;charset=utf-8" />
  <meta name='ocr-system' content='tesseract 3.04.00' />
  <meta name='ocr-capabilities' content='ocr_page ocr_carea ocr_par ocr_line ocrx_word'/>
</head>
<body>
  <div class='ocr_page' id='page_1' title='image "./carolilinnaeient01linn_0163.png"; bbox 0 0 1674 2925; ppageno 0'>
   <div class='ocr_carea' id='block_1_1' title="bbox 207 154 1362 213">
    <p class='ocr_par' dir='ltr' id='par_1_1' title="bbox 207 154 1362 213">
     <span class='ocr_line' id='line_1_1' title="bbox 207 154 1362 213; baseline -0.005 -9"><span class='ocrx_word' id='word_1_1' title='bbox 207 165 467 210; x_wconf 68' lang='lat' dir='ltr'>INsncrA</span> <span class='ocrx_word' id='word_1_2' title='bbox 498 159 921 200; x_wconf 76' lang='lat' dir='ltr'><strong>COLEOPTERA.</strong></span> <span class='ocrx_word' id='word_1_3' title='bbox 952 154 1225 210; x_wconf 82' lang='lat' dir='ltr'>Chrysomela.</span> <span class='ocrx_word' id='word_1_4' title='bbox 1285 168 1362 213; x_wconf 78' lang='lat'>137</span> 
     </span>
    </p>
   </div>
   <div class='ocr_carea' id='block_1_2' title="bbox 422 266 1252 431">
    <p class='ocr_par' dir='ltr' id='par_1_2' title="bbox 422 266 1252 431">
     <span class='ocr_line' id='line_1_2' title="bbox 422 266 1035 319; baseline -0.005 -10"><span class='ocrx_word' id='word_1_5' title='bbox 422 269 552 309; x_wconf 83' lang='lat' dir='ltr'>Petiv.</span> <span class='ocrx_word' id='word_1_6' title='bbox 583 268 753 319; x_wconf 56' lang='lat' dir='ltr'>Gazoph.</span> <span class='ocrx_word' id='word_1_7' title='bbox 784 277 815 306; x_wconf 83' lang='lat' dir='ltr'>t.</span> <span class='ocrx_word' id='word_1_8' title='bbox 839 276 905 319; x_wconf 81' lang='lat'>29.</span> <span class='ocrx_word' id='word_1_9' title='bbox 926 266 966 318; x_wconf 84' lang='lat' dir='ltr'>f.</span> <span class='ocrx_word' id='word_1_10' title='bbox 1001 274 1035 313; x_wconf 79' lang='lat'>5.</span> 
     </span>
     <span class='ocr_line' id='line_1_3' title="bbox 424 320 1252 376; baseline -0.002 -13"><span class='ocrx_word' id='word_1_11' title='bbox 424 324 570 376; x_wconf 76' lang='lat' dir='ltr'>Beryft.</span> <span class='ocrx_word' id='word_1_12' title='bbox 597 322 788 361; x_wconf 78' lang='lat' dir='ltr'>nomencl.</span> <span class='ocrx_word' id='word_1_13' title='bbox 820 332 856 362; x_wconf 92' lang='lat'>1.</span> <span class='ocrx_word' id='word_1_14' title='bbox 884 320 949 375; x_wconf 82' lang='lat'>87.</span> <span class='ocrx_word' id='word_1_15' title='bbox 979 332 1010 360; x_wconf 74' lang='lat' dir='ltr'>t.</span> <span class='ocrx_word' id='word_1_16' title='bbox 1033 330 1096 374; x_wconf 83' lang='lat'>13.</span> <span class='ocrx_word' id='word_1_17' title='bbox 1118 321 1157 374; x_wconf 76' lang='lat' dir='ltr'>f.</span> <span class='ocrx_word' id='word_1_18' title='bbox 1186 330 1252 361; x_wconf 88' lang='lat'>10.</span> 
     </span>
     <span class='ocr_line' id='line_1_4' title="bbox 424 377 781 431; baseline -0.003 -15"><span class='ocrx_word' id='word_1_19' title='bbox 424 377 522 418; x_wconf 70' lang='lat' dir='ltr'>Hah.</span> <span class='ocrx_word' id='word_1_20' title='bbox 552 380 591 418; x_wconf 79' lang='lat' dir='ltr'>in</span> <span class='ocrx_word' id='word_1_21' title='bbox 619 377 781 431; x_wconf 83' lang='lat' dir='ltr'>Anglia.</span> 
     </span>
    </p>
   </div>
   <div class='ocr_carea' id='block_1_3' title="bbox 122 485 1360 924">
    <p class='ocr_par' dir='ltr' id='par_1_3' title="bbox 122 485 1360 595">
     <span class='ocr_line' id='line_1_5' title="bbox 122 485 1360 543; baseline -0.002 -17"><span class='ocrx_word' id='word_1_22' title='bbox 122 485 320 529; x_wconf 78' lang='lat' dir='ltr'>Gloriosa.</span> <span class='ocrx_word' id='word_1_23' title='bbox 350 487 417 543; x_wconf 81' lang='lat'>63.</span> <span class='ocrx_word' id='word_1_24' title='bbox 444 489 492 527; x_wconf 91' lang='lat' dir='ltr'>C.</span> <span class='ocrx_word' id='word_1_25' title='bbox 534 488 613 540; x_wconf 87' lang='lat' dir='ltr'>(la</span> <span class='ocrx_word' id='word_1_26' title='bbox 654 486 760 541; x_wconf 86' lang='lat' dir='ltr'>ligne</span> <span class='ocrx_word' id='word_1_27' title='bbox 802 486 916 526; x_wconf 87' lang='lat' dir='ltr'>bleue</span> <span class='ocrx_word' id='word_1_28' title='bbox 950 487 967 536; x_wconf 93' lang='lat'>)</span> <span class='ocrx_word' id='word_1_29' title='bbox 1018 496 1173 532; x_wconf 82' lang='lat' dir='ltr'>ovata,</span> <span class='ocrx_word' id='word_1_30' title='bbox 1222 485 1360 525; x_wconf 81' lang='lat' dir='ltr'>viridis</span> 
     </span>
     <span class='ocr_line' id='line_1_6' title="bbox 474 540 1115 595; baseline -0.005 -13"><span class='ocrx_word' id='word_1_31' title='bbox 474 543 599 582; x_wconf 84' lang='lat' dir='ltr'>nitida</span> <span class='ocrx_word' id='word_1_32' title='bbox 628 542 768 595; x_wconf 87' lang='lat' dir='ltr'>elytris</span> <span class='ocrx_word' id='word_1_33' title='bbox 797 540 900 580; x_wconf 87' lang='lat' dir='ltr'>linea</span> <span class='ocrx_word' id='word_1_34' title='bbox 933 541 1115 581; x_wconf 80' lang='lat' dir='ltr'>caerulea.</span> 
     </span>
    </p>

    <p class='ocr_par' dir='ltr' id='par_1_4' title="bbox 420 594 1359 692">
     <span class='ocr_line' id='line_1_7' title="bbox 420 594 1359 642; baseline -0.002 -5"><span class='ocrx_word' id='word_1_35' title='bbox 420 597 521 642; x_wconf 77' lang='lat' dir='ltr'><em>Hah.</em></span> <span class='ocrx_word' id='word_1_36' title='bbox 565 599 605 636; x_wconf 82' lang='lat' dir='ltr'>in</span> <span class='ocrx_word' id='word_1_37' title='bbox 647 596 773 637; x_wconf 82' lang='lat' dir='ltr'>Italia.</span> <span class='ocrx_word' id='word_1_38' title='bbox 818 595 895 635; x_wconf 90' lang='lat' dir='ltr'>Dr.</span> <span class='ocrx_word' id='word_1_39' title='bbox 929 595 1102 635; x_wconf 80' lang='lat' dir='ltr'>Alliotzi.</span> <span class='ocrx_word' id='word_1_40' title='bbox 1143 597 1189 635; x_wconf 88' lang='lat' dir='ltr'>In</span> <span class='ocrx_word' id='word_1_41' title='bbox 1229 594 1359 635; x_wconf 79' lang='lat' dir='ltr'>Gallia</span> 
     </span>
     <span class='ocr_line' id='line_1_8' title="bbox 475 652 667 692; baseline 0.005 -1"><span class='ocrx_word' id='word_1_42' title='bbox 475 652 586 692; x_wconf 87' lang='lat' dir='ltr'>Aust.</span> <span class='ocrx_word' id='word_1_43' title='bbox 615 654 667 692; x_wconf 88' lang='lat' dir='ltr'>V.</span> 
     </span>
    </p>

    <p class='ocr_par' dir='ltr' id='par_1_5' title="bbox 417 704 1358 924">
     <span class='ocr_line' id='line_1_9' title="bbox 417 704 1356 759; baseline -0.002 -13"><span class='ocrx_word' id='word_1_44' title='bbox 417 707 506 758; x_wconf 77' lang='lat' dir='ltr'><em>Obs.</em></span> <span class='ocrx_word' id='word_1_45' title='bbox 542 706 685 746; x_wconf 83' lang='lat' dir='ltr'>Affinis</span> <span class='ocrx_word' id='word_1_46' title='bbox 720 707 785 746; x_wconf 92' lang='lat' dir='ltr'>ch.</span> <span class='ocrx_word' id='word_1_47' title='bbox 820 704 994 745; x_wconf 80' lang='lat' dir='ltr'>fastuosae</span> <span class='ocrx_word' id='word_1_48' title='bbox 1021 735 1034 755; x_wconf 91' lang='lat'>‚</span> <span class='ocrx_word' id='word_1_49' title='bbox 1076 718 1176 759; x_wconf 85' lang='lat' dir='ltr'>aqua</span> <span class='ocrx_word' id='word_1_50' title='bbox 1224 712 1356 744; x_wconf 86' lang='lat' dir='ltr'>tamen</span> 
     </span>
     <span class='ocr_line' id='line_1_10' title="bbox 474 758 1356 814; baseline -0.007 -12"><span class='ocrx_word' id='word_1_51' title='bbox 474 761 674 802; x_wconf 83' lang='lat' dir='ltr'>manifeste</span> <span class='ocrx_word' id='word_1_52' title='bbox 718 761 849 803; x_wconf 85' lang='lat' dir='ltr'>differt</span> <span class='ocrx_word' id='word_1_53' title='bbox 881 762 1153 814; x_wconf 75' lang='lat' dir='ltr'>magnitudine</span> <span class='ocrx_word' id='word_1_54' title='bbox 1194 758 1311 810; x_wconf 82' lang='lat' dir='ltr'>dupla</span> <span class='ocrx_word' id='word_1_55' title='bbox 1341 791 1356 810; x_wconf 88' lang='lat'>‚</span> 
     </span>
     <span class='ocr_line' id='line_1_11' title="bbox 476 814 1358 870; baseline -0.002 -13"><span class='ocrx_word' id='word_1_56' title='bbox 476 817 617 857; x_wconf 89' lang='lat' dir='ltr'>colore</span> <span class='ocrx_word' id='word_1_57' title='bbox 642 818 761 856; x_wconf 89' lang='lat' dir='ltr'>viridi</span> <span class='ocrx_word' id='word_1_58' title='bbox 782 815 1080 870; x_wconf 87' lang='lat' dir='ltr'>elytrorumque</span> <span class='ocrx_word' id='word_1_59' title='bbox 1108 816 1213 856; x_wconf 84' lang='lat' dir='ltr'>linea</span> <span class='ocrx_word' id='word_1_60' title='bbox 1240 814 1358 855; x_wconf 81' lang='lat' dir='ltr'>unica</span> 
     </span>
     <span class='ocr_line' id='line_1_12' title="bbox 474 871 999 924; baseline -0.006 -10"><span class='ocrx_word' id='word_1_61' title='bbox 474 872 658 914; x_wconf 83' lang='lat' dir='ltr'>caerulea.</span> <span class='ocrx_word' id='word_1_62' title='bbox 697 874 743 911; x_wconf 89' lang='lat' dir='ltr'>In</span> <span class='ocrx_word' id='word_1_63' title='bbox 769 871 999 924; x_wconf 79' lang='lat' dir='ltr'><strong>appendice.</strong></span> 
     </span>
    </p>
   </div>
   <div class='ocr_carea' id='block_1_4' title="bbox 489 979 957 1033">
    <p class='ocr_par' dir='ltr' id='par_1_6' title="bbox 489 979 957 1033">
     <span class='ocr_line' id='line_1_13' title="bbox 489 979 957 1033; baseline 0.002 -13"><span class='ocrx_word' id='word_1_64' title='bbox 489 981 553 1020; x_wconf 85' lang='lat' dir='ltr'>Ex</span> <span class='ocrx_word' id='word_1_65' title='bbox 583 998 645 1033; x_wconf 80' lang='lat' dir='ltr'>op.</span> <span class='ocrx_word' id='word_1_66' title='bbox 676 981 733 1022; x_wconf 88' lang='lat' dir='ltr'>D.</span> <span class='ocrx_word' id='word_1_67' title='bbox 763 982 809 1020; x_wconf 85' lang='lat' dir='ltr'>de</span> <span class='ocrx_word' id='word_1_68' title='bbox 842 979 957 1023; x_wconf 79' lang='lat' dir='ltr'>Geer.</span> 
     </span>
    </p>
   </div>
   <div class='ocr_carea' id='block_1_5' title="bbox 90 1090 1352 1195">
    <p class='ocr_par' dir='ltr' id='par_1_7' title="bbox 90 1090 1352 1195">
     <span class='ocr_line' id='line_1_14' title="bbox 90 1090 1350 1144; baseline 0.002 -14"><span class='ocrx_word' id='word_1_69' title='bbox 90 1090 329 1132; x_wconf 82' lang='lat' dir='ltr'>Ruficaudis.</span> <span class='ocrx_word' id='word_1_70' title='bbox 357 1090 424 1143; x_wconf 91' lang='lat'>64.</span> <span class='ocrx_word' id='word_1_71' title='bbox 451 1092 497 1131; x_wconf 90' lang='lat' dir='ltr'>C.</span> <span class='ocrx_word' id='word_1_72' title='bbox 528 1094 545 1143; x_wconf 97' lang='lat'>(</span> <span class='ocrx_word' id='word_1_73' title='bbox 571 1093 592 1131; x_wconf 76' lang='lat' dir='ltr'>a</span> <span class='ocrx_word' id='word_1_74' title='bbox 617 1101 761 1132; x_wconf 83' lang='lat' dir='ltr'>ventre</span> <span class='ocrx_word' id='word_1_75' title='bbox 785 1090 909 1131; x_wconf 73' lang='lat' dir='ltr'>borde</span> <span class='ocrx_word' id='word_1_76' title='bbox 941 1092 988 1130; x_wconf 88' lang='lat' dir='ltr'>de</span> <span class='ocrx_word' id='word_1_77' title='bbox 1008 1092 1167 1144; x_wconf 82' lang='lat' dir='ltr'>rouge)</span> <span class='ocrx_word' id='word_1_78' title='bbox 1202 1102 1350 1143; x_wconf 63' lang='lat' dir='ltr'>ovata2</span> 
     </span>
     <span class='ocr_line' id='line_1_15' title="bbox 469 1145 1352 1195; baseline -0.001 -8"><span class='ocrx_word' id='word_1_79' title='bbox 469 1148 727 1188; x_wconf 81' lang='lat' dir='ltr'>viridi-aenea</span> <span class='ocrx_word' id='word_1_80' title='bbox 742 1176 753 1195; x_wconf 87' lang='lat'>‚</span> <span class='ocrx_word' id='word_1_81' title='bbox 771 1145 936 1186; x_wconf 89' lang='lat' dir='ltr'>obscura</span> <span class='ocrx_word' id='word_1_82' title='bbox 954 1146 1077 1185; x_wconf 83' lang='lat' dir='ltr'>nitida</span> <span class='ocrx_word' id='word_1_83' title='bbox 1098 1174 1110 1192; x_wconf 92' lang='lat'><strong><em>,</em></strong></span> <span class='ocrx_word' id='word_1_84' title='bbox 1131 1147 1352 1186; x_wconf 71' lang='lat' dir='ltr'>abdominis</span> 
     </span>
    </p>
   </div>
   <div class='ocr_carea' id='block_1_6' title="bbox 415 1200 1354 1366">
    <p class='ocr_par' dir='ltr' id='par_1_8' title="bbox 415 1200 1354 1366">
     <span class='ocr_line' id='line_1_16' title="bbox 472 1200 1354 1256; baseline 0 -14"><span class='ocrx_word' id='word_1_85' title='bbox 472 1201 692 1249; x_wconf 86' lang='lat' dir='ltr'>lateribus,</span> <span class='ocrx_word' id='word_1_86' title='bbox 729 1214 807 1242; x_wconf 86' lang='lat' dir='ltr'>ano</span> <span class='ocrx_word' id='word_1_87' title='bbox 838 1200 1062 1255; x_wconf 83' lang='lat' dir='ltr'>alarumque</span> <span class='ocrx_word' id='word_1_88' title='bbox 1113 1202 1354 1256; x_wconf 81' lang='lat' dir='ltr'>marginibus</span> 
     </span>
     <span class='ocr_line' id='line_1_17' title="bbox 476 1257 619 1297; baseline 0.014 -2"><span class='ocrx_word' id='word_1_89' title='bbox 476 1257 619 1297; x_wconf 85' lang='lat' dir='ltr'>rubris.</span> 
     </span>
     <span class='ocr_line' id='line_1_18' title="bbox 415 1311 788 1366; baseline 0.003 -16"><span class='ocrx_word' id='word_1_90' title='bbox 415 1311 515 1351; x_wconf 75' lang='lat' dir='ltr'>Hah.</span> <span class='ocrx_word' id='word_1_91' title='bbox 547 1312 585 1351; x_wconf 81' lang='lat' dir='ltr'>in</span> <span class='ocrx_word' id='word_1_92' title='bbox 616 1314 788 1366; x_wconf 84' lang='lat' dir='ltr'>Europa.</span> 
     </span>
    </p>
   </div>
   <div class='ocr_carea' id='block_1_7' title="bbox 81 1419 1350 1806">
    <p class='ocr_par' dir='ltr' id='par_1_9' title="bbox 81 1419 1350 1806">
     <span class='ocr_line' id='line_1_19' title="bbox 82 1419 1350 1475; baseline 0.003 -16"><span class='ocrx_word' id='word_1_93' title='bbox 82 1419 295 1460; x_wconf 78' lang='lat' dir='ltr'>Caeruleo-</span> <span class='ocrx_word' id='word_1_94' title='bbox 321 1419 389 1472; x_wconf 81' lang='lat'>65.</span> <span class='ocrx_word' id='word_1_95' title='bbox 419 1422 468 1462; x_wconf 91' lang='lat' dir='ltr'>C.</span> <span class='ocrx_word' id='word_1_96' title='bbox 503 1423 521 1472; x_wconf 92' lang='lat'>(</span> <span class='ocrx_word' id='word_1_97' title='bbox 549 1420 857 1462; x_wconf 83' lang='lat' dir='ltr'>bleue-violette</span> <span class='ocrx_word' id='word_1_98' title='bbox 885 1421 903 1472; x_wconf 88' lang='lat'>)</span> <span class='ocrx_word' id='word_1_99' title='bbox 931 1430 1081 1471; x_wconf 84' lang='lat' dir='ltr'>ovata,</span> <span class='ocrx_word' id='word_1_100' title='bbox 1122 1422 1235 1475; x_wconf 86' lang='lat' dir='ltr'>supra</span> <span class='ocrx_word' id='word_1_101' title='bbox 1265 1435 1350 1463; x_wconf 66' lang='lat' dir='ltr'>cae-2</span> 
     </span>
     <span class='ocr_line' id='line_1_20' title="bbox 81 1474 1350 1527; baseline 0.002 -12"><span class='ocrx_word' id='word_1_102' title='bbox 81 1474 277 1517; x_wconf 75' lang='lat' dir='ltr'>violacea.</span> <span class='ocrx_word' id='word_1_103' title='bbox 463 1477 786 1517; x_wconf 86' lang='lat' dir='ltr'>ruleo-violacea</span> <span class='ocrx_word' id='word_1_104' title='bbox 797 1507 810 1526; x_wconf 92' lang='lat'>‚</span> <span class='ocrx_word' id='word_1_105' title='bbox 825 1476 956 1516; x_wconf 86' lang='lat' dir='ltr'>subtus</span> <span class='ocrx_word' id='word_1_106' title='bbox 973 1477 1322 1517; x_wconf 87' lang='lat' dir='ltr'>violaceo-viridis</span> <span class='ocrx_word' id='word_1_107' title='bbox 1336 1507 1350 1527; x_wconf 88' lang='lat'>,</span> 
     </span>
     <span class='ocr_line' id='line_1_21' title="bbox 462 1531 1349 1584; baseline 0.002 -13"><span class='ocrx_word' id='word_1_108' title='bbox 462 1532 614 1584; x_wconf 62' lang='lat' dir='ltr'>punctis</span> <span class='ocrx_word' id='word_1_109' title='bbox 641 1533 844 1572; x_wconf 81' lang='lat' dir='ltr'>excavatis</span> <span class='ocrx_word' id='word_1_110' title='bbox 870 1531 1002 1584; x_wconf 76' lang='lat' dir='ltr'>sparsis</span> <span class='ocrx_word' id='word_1_111' title='bbox 1019 1562 1032 1580; x_wconf 88' lang='lat'>‚</span> <span class='ocrx_word' id='word_1_112' title='bbox 1065 1531 1232 1572; x_wconf 85' lang='lat' dir='ltr'>thorace</span> <span class='ocrx_word' id='word_1_113' title='bbox 1258 1545 1349 1573; x_wconf 87' lang='lat' dir='ltr'>am-</span> 
     </span>
     <span class='ocr_line' id='line_1_22' title="bbox 465 1585 1220 1640; baseline 0.003 -15"><span class='ocrx_word' id='word_1_114' title='bbox 465 1585 561 1639; x_wconf 86' lang='lat' dir='ltr'>plo,</span> <span class='ocrx_word' id='word_1_115' title='bbox 588 1587 772 1626; x_wconf 87' lang='lat' dir='ltr'>antennis</span> <span class='ocrx_word' id='word_1_116' title='bbox 802 1586 1053 1627; x_wconf 87' lang='lat' dir='ltr'>brevioribus</span> <span class='ocrx_word' id='word_1_117' title='bbox 1081 1587 1220 1640; x_wconf 77' lang='lat' dir='ltr'>nigris-</span> 
     </span>
     <span class='ocr_line' id='line_1_23' title="bbox 407 1640 993 1694; baseline -0.003 -11"><span class='ocrx_word' id='word_1_118' title='bbox 407 1641 562 1694; x_wconf 77' lang='lat' dir='ltr'>Sclza’ffl</span> <span class='ocrx_word' id='word_1_119' title='bbox 596 1643 698 1681; x_wconf 82' lang='lat' dir='ltr'>icon.</span> <span class='ocrx_word' id='word_1_120' title='bbox 730 1653 762 1681; x_wconf 79' lang='lat' dir='ltr'>t.</span> <span class='ocrx_word' id='word_1_121' title='bbox 791 1640 857 1690; x_wconf 84' lang='lat'>65.</span> <span class='ocrx_word' id='word_1_122' title='bbox 885 1642 924 1694; x_wconf 79' lang='lat' dir='ltr'>f.</span> <span class='ocrx_word' id='word_1_123' title='bbox 955 1640 993 1681; x_wconf 87' lang='grc'>6.</span> 
     </span>
     <span class='ocr_line' id='line_1_24' title="bbox 418 1695 731 1749; baseline 0.003 -15"><span class='ocrx_word' id='word_1_124' title='bbox 418 1695 541 1749; x_wconf 78' lang='lat' dir='ltr'>Geoffi</span> <span class='ocrx_word' id='word_1_125' title='bbox 569 1695 607 1736; x_wconf 88' lang='lat'>6.</span> <span class='ocrx_word' id='word_1_126' title='bbox 639 1712 690 1735; x_wconf 83' lang='lat' dir='ltr'>an</span> <span class='ocrx_word' id='word_1_127' title='bbox 711 1697 731 1735; x_wconf 75' lang='lat'>,⁷</span> 
     </span>
     <span class='ocr_line' id='line_1_25' title="bbox 410 1751 786 1806; baseline 0.005 -16"><span class='ocrx_word' id='word_1_128' title='bbox 410 1751 509 1794; x_wconf 78' lang='lat' dir='ltr'><em>Hah.</em></span> <span class='ocrx_word' id='word_1_129' title='bbox 540 1752 580 1796; x_wconf 79' lang='lat' dir='ltr'>in</span> <span class='ocrx_word' id='word_1_130' title='bbox 613 1753 786 1806; x_wconf 83' lang='lat' dir='ltr'>Europa.</span> 
     </span>
    </p>
   </div>
   <div class='ocr_carea' id='block_1_8' title="bbox 77 1857 1347 2135">
    <p class='ocr_par' dir='ltr' id='par_1_10' title="bbox 77 1857 1347 2135">
     <span class='ocr_line' id='line_1_26' title="bbox 77 1857 1344 1916; baseline -0.003 -14"><span class='ocrx_word' id='word_1_131' title='bbox 77 1861 245 1902; x_wconf 88' lang='lat' dir='ltr'>Griseo-</span> <span class='ocrx_word' id='word_1_132' title='bbox 274 1857 341 1901; x_wconf 83' lang='lat'>66.</span> <span class='ocrx_word' id='word_1_133' title='bbox 379 1861 427 1903; x_wconf 87' lang='lat' dir='ltr'>C.</span> <span class='ocrx_word' id='word_1_134' title='bbox 469 1863 488 1912; x_wconf 95' lang='lat'><strong>(</strong></span> <span class='ocrx_word' id='word_1_135' title='bbox 523 1861 890 1916; x_wconf 78' lang='lat' dir='ltr'>grise-luisante)</span> <span class='ocrx_word' id='word_1_136' title='bbox 939 1861 1106 1902; x_wconf 86' lang='lat' dir='ltr'>thorace</span> <span class='ocrx_word' id='word_1_137' title='bbox 1152 1862 1344 1902; x_wconf 80' lang='lat' dir='ltr'>teretius..</span> 
     </span>
     <span class='ocr_line' id='line_1_27' title="bbox 78 1916 1345 1971; baseline 0.001 -15"><span class='ocrx_word' id='word_1_138' title='bbox 78 1918 215 1961; x_wconf 72' lang='lat' dir='ltr'>nitida.</span> <span class='ocrx_word' id='word_1_139' title='bbox 460 1917 553 1956; x_wconf 92' lang='lat' dir='ltr'>culo</span> <span class='ocrx_word' id='word_1_140' title='bbox 569 1946 582 1964; x_wconf 94' lang='lat'><em>‚</em></span> <span class='ocrx_word' id='word_1_141' title='bbox 604 1916 715 1971; x_wconf 91' lang='lat' dir='ltr'>supra</span> <span class='ocrx_word' id='word_1_142' title='bbox 741 1916 1000 1970; x_wconf 87' lang='lat' dir='ltr'>griseo—fusca</span> <span class='ocrx_word' id='word_1_143' title='bbox 1023 1917 1147 1955; x_wconf 85' lang='lat' dir='ltr'>nitida</span> <span class='ocrx_word' id='word_1_144' title='bbox 1167 1947 1178 1965; x_wconf 91' lang='lat'>‚</span> <span class='ocrx_word' id='word_1_145' title='bbox 1210 1917 1345 1957; x_wconf 88' lang='lat' dir='ltr'>subtus</span> 
     </span>
     <span class='ocr_line' id='line_1_28' title="bbox 466 1972 1347 2026; baseline 0.001 -15"><span class='ocrx_word' id='word_1_146' title='bbox 466 1973 612 2025; x_wconf 84' lang='lat' dir='ltr'>nigra,</span> <span class='ocrx_word' id='word_1_147' title='bbox 658 1973 790 2025; x_wconf 85' lang='lat' dir='ltr'>capite</span> <span class='ocrx_word' id='word_1_148' title='bbox 832 1972 948 2026; x_wconf 89' lang='lat' dir='ltr'>nigro</span> <span class='ocrx_word' id='word_1_149' title='bbox 976 2000 991 2020; x_wconf 92' lang='lat'><em>,</em></span> <span class='ocrx_word' id='word_1_150' title='bbox 1037 1972 1220 2012; x_wconf 85' lang='lat' dir='ltr'>antennis</span> <span class='ocrx_word' id='word_1_151' title='bbox 1257 1972 1347 2012; x_wconf 82' lang='lat' dir='ltr'>lon-</span> 
     </span>
     <span class='ocr_line' id='line_1_29' title="bbox 461 2027 632 2079; baseline 0 -13"><span class='ocrx_word' id='word_1_152' title='bbox 461 2027 632 2079; x_wconf 80' lang='lat' dir='ltr'>giffimis.</span> 
     </span>
     <span class='ocr_line' id='line_1_30' title="bbox 410 2081 778 2135; baseline 0.005 -14"><span class='ocrx_word' id='word_1_153' title='bbox 410 2081 509 2122; x_wconf 73' lang='lat' dir='ltr'>Hah.</span> <span class='ocrx_word' id='word_1_154' title='bbox 537 2083 576 2121; x_wconf 85' lang='lat' dir='ltr'>in</span> <span class='ocrx_word' id='word_1_155' title='bbox 605 2084 778 2135; x_wconf 78' lang='lat' dir='ltr'>Europa.</span> 
     </span>
    </p>
   </div>
   <div class='ocr_carea' id='block_1_9' title="bbox 542 2191 878 2243">
    <p class='ocr_par' dir='ltr' id='par_1_11' title="bbox 542 2191 878 2243">
     <span class='ocr_line' id='line_1_31' title="bbox 542 2191 878 2243; baseline 0.006 -13"><span class='ocrx_word' id='word_1_156' title='bbox 542 2191 604 2231; x_wconf 82' lang='lat' dir='ltr'>Ex</span> <span class='ocrx_word' id='word_1_157' title='bbox 634 2192 731 2232; x_wconf 81' lang='lat' dir='ltr'>Ent.</span> <span class='ocrx_word' id='word_1_158' title='bbox 755 2194 878 2243; x_wconf 80' lang='lat' dir='ltr'>paris.</span> 
     </span>
    </p>
   </div>
   <div class='ocr_carea' id='block_1_10' title="bbox 74 2300 1342 2454">
    <p class='ocr_par' dir='ltr' id='par_1_12' title="bbox 74 2300 1342 2454">
     <span class='ocr_line' id='line_1_32' title="bbox 74 2300 1342 2357; baseline -0.001 -13"><span class='ocrx_word' id='word_1_159' title='bbox 74 2303 326 2357; x_wconf 77' lang='lat' dir='ltr'>Ferruginea.</span> <span class='ocrx_word' id='word_1_160' title='bbox 347 2300 413 2352; x_wconf 86' lang='lat'>67.</span> <span class='ocrx_word' id='word_1_161' title='bbox 458 2302 504 2340; x_wconf 85' lang='lat' dir='ltr'>C.</span> <span class='ocrx_word' id='word_1_162' title='bbox 553 2304 570 2353; x_wconf 96' lang='lat'>(</span> <span class='ocrx_word' id='word_1_163' title='bbox 599 2301 739 2341; x_wconf 83' lang='lat' dir='ltr'>brunie</span> <span class='ocrx_word' id='word_1_164' title='bbox 767 2302 785 2352; x_wconf 95' lang='lat'>)</span> <span class='ocrx_word' id='word_1_165' title='bbox 833 2303 1126 2356; x_wconf 85' lang='lat' dir='ltr'>nigro-cuprea</span> <span class='ocrx_word' id='word_1_166' title='bbox 1147 2331 1160 2353; x_wconf 84' lang='lat'><strong>,</strong></span> <span class='ocrx_word' id='word_1_167' title='bbox 1193 2303 1342 2356; x_wconf 73' lang='lat' dir='ltr'>punffls</span> 
     </span>
     <span class='ocr_line' id='line_1_33' title="bbox 455 2355 1108 2411; baseline 0.002 -16"><span class='ocrx_word' id='word_1_168' title='bbox 455 2355 679 2409; x_wconf 85' lang='lat' dir='ltr'>elytrorum</span> <span class='ocrx_word' id='word_1_169' title='bbox 704 2370 774 2409; x_wconf 87' lang='lat' dir='ltr'>per</span> <span class='ocrx_word' id='word_1_170' title='bbox 800 2355 906 2398; x_wconf 86' lang='lat' dir='ltr'>strias</span> <span class='ocrx_word' id='word_1_171' title='bbox 932 2357 1108 2411; x_wconf 82' lang='lat' dir='ltr'>digestis.</span> 
     </span>
     <span class='ocr_line' id='line_1_34' title="bbox 402 2409 749 2454; baseline 0.012 -5"><span class='ocrx_word' id='word_1_172' title='bbox 402 2409 499 2453; x_wconf 80' lang='lat' dir='ltr'>Hah.</span> <span class='ocrx_word' id='word_1_173' title='bbox 535 2412 574 2451; x_wconf 80' lang='lat' dir='ltr'>in</span> <span class='ocrx_word' id='word_1_174' title='bbox 607 2410 749 2454; x_wconf 86' lang='lat' dir='ltr'>Gallia.</span> 
     </span>
    </p>
   </div>
  </div>
 </body>
</html>
