1674 2925
303 147 390 186 ‘126
440 144 711 187 luston-A
741 144 1164 188 COLEOPTERA.
1195 144 1474 202 Chrysomela‘

305 255 471 299 Pallida.
499 266 569 298 21.
602 257 659 300 C.
694 255 861 309 (pale)
890 266 1014 299 ovata
1052 256 1270 298 flavescens
1298 266 1415 309 tota,
1454 257 1582 300 oculis

692 312 733 351 ni
765 313 832 352 ris.
863 314 883 333 *

636 326 885 462 Faugsshec.
909 378 945 409 1.
964 384 1005 408 η.
1026 379 1122 422 423.
1143 368 1395 422 chrysomela
1412 369 1584 423 pallido-

718 437 748 461 r1
769 436 814 462 ea

633 437 714 518 Fa}
743 487 809 530 34.

634 533 779 572 Enum.
815 544 906 587 147.

634 587 758 627 Mz'ill.
796 588 886 629 Lin.
918 588 1022 629 Nat.
1052 589 1102 629 cl.
1136 601 1183 630 V.
1208 606 1250 640 p.
1283 601 1377 644 172.

634 641 759 694 Geoffl
787 644 976 684 crioceris
1006 644 1161 697 pallida.
1195 646 1351 686 Entom.
1384 647 1510 696 paris.
1538 644 1577 686 6.

633 698 734 737 Hah.
774 699 813 738 in
849 700 1044 740 salicibus.
1073 703 1117 739 ln
1145 701 1287 740 Gallia.

633 753 751 803 Desc.
781 755 907 795 Color
938 755 1086 808 griseus
1106 755 1132 794 Γ.
1154 755 1345 796 testaceus
1376 765 1467 796 toto
1485 769 1580 796 cor-

686 822 819 862 pore;
853 810 984 864 chrys.
1021 810 1151 864 staphy
1150 811 1233 850 leae
1266 811 1482 857 fmillima,
1510 811 1578 851 sed

687 864 824 917 paullo
875 868 1018 906 minor.
1065 866 1218 906 Plantae
1257 867 1395 917 pedum
1441 865 1576 905 subtus

684 920 998 962 exalbescentes.
1048 921 1161 960 Oculi
1205 923 1321 974 nigri.
1368 922 1573 972 Praeeipua

685 984 786 1014 nota
807 1006 820 1025 ,
847 989 926 1028 qua
962 990 983 1015 a
1011 976 1143 1028 chrys.
1184 976 1319 1030 staph)
1325 976 1384 1015 lea
1412 976 1543 1015 diffeit
1562 1006 1575 1024 ,
1627 988 1630 990 ’

684 1031 984 1083 (praeterquam
1018 1032 1157 1071 colore
1188 1031 1284 1071 lona
1260 1046 1307 1085 ge
1331 1031 1575 1083 pallidiore)

687 1085 895 1125 consistit
885 1100 924 1126 in
953 1086 1112 1139 fingulis
1139 1086 1279 1139 elyrris
1313 1086 1464 1139 punffls
1503 1100 1574 1137 per

687 1148 712 1193 9
763 1142 923 1181 ordines
978 1141 1324 1196 longitudinaliter
1376 1140 1531 1193 digestis
1559 1171 1573 1190 ,

683 1209 773 1234 cum
816 1197 857 1235 in
896 1196 961 1236 illa
1001 1198 1141 1249 puncsta
1175 1194 1300 1249 sparsa
1333 1224 1345 1243 ,
1390 1209 1464 1236 nec
1499 1208 1572 1248 per

681 1248 790 1290 strias
823 1250 1039 1291 distributa.
1068 1251 1193 1291 Faun.
1227 1260 1316 1300 521.

297 1359 540 1416 Staphylaea.
568 1371 635 1402 22.
667 1362 715 1401 C.
746 1361 1021 1414 (cuivreuse)
1057 1371 1180 1402 ovata
1209 1361 1375 1403 obscure
1403 1359 1571 1401 testacea

680 1425 784 1457 tota.
818 1420 838 1438 '²

625 1472 718 1513 Fab.
754 1483 821 1512 21.

624 1527 907 1581 Enum.129.

624 1583 747 1623 Mu'll.
780 1582 869 1622 Lm.
900 1581 1003 1623 Nat.
1032 1584 1082 1623 cl.
1115 1594 1163 1623 V.
1180 1600 1221 1634 p.
1254 1593 1346 1637 172.

621 1638 685 1678 De
727 1636 854 1687 Geer‚
885 1648 923 1689 3.

628 1691 752 1746 Geoff.
767 1693 897 1746 chrys.
916 1693 1229 1746 rubro-cuprea.
1251 1693 1343 1733 Enc.
1354 1696 1477 1745 pazis.
1499 1703 1563 1745 15.

624 1749 726 1788 Hah.
760 1749 798 1787 in
830 1751 1003 1801 Europa,
1040 1752 1084 1788 In
1113 1748 1256 1789 Gallia.

624 1804 739 1853 Dese.
772 1807 880 1843 Inter
919 1804 1090 1857 majores
1125 1804 1282 1857 generis
1315 1803 1463 1857 species
1490 1819 1566 1845 nu-

673 1860 859 1901 meranda
905 1858 969 1899 est.
1025 1858 1141 1898 Color
1182 1860 1306 1899 totius
1350 1862 1563 1912 corporis,

673 1914 899 1967 elytrorum
931 1944 943 1963 ‚
996 1914 1176 1954 thoracis
1202 1945 1213 1963 ,
1261 1924 1519 1954 antennarum
1547 1945 1562 1965 ‚

673 1970 896 2009 abdominis
936 1971 973 2009 ὅ(
1016 1972 1159 2022 pedum
1198 1971 1337 2010 unicus
1378 1971 1562 2022 idemque

676 2024 845 2064 obscure
882 2024 1104 2073 testaceus,
1149 2025 1176 2065 s.
1219 2025 1452 2073 castaneu83
1495 2026 1562 2065 sed

673 2081 848 2120 omnium
865 2080 1074 2120 simillimus
1096 2080 1147 2120 est
1168 2080 1301 2119 semini
1322 2079 1558 2133 staphyleae,

672 2135 700 2175 s.
728 2135 1047 2188 staphylodendri
1065 2168 1076 2185 ,
1106 2150 1179 2176 nee
1201 2137 1298 2175 novi
1318 2135 1421 2174 aliud
1443 2135 1560 2187 hujus

670 2191 873 2241 singularis
902 2191 1079 2240 coloris,
1111 2205 1131 2230 a
1157 2204 1236 2243 quo
1270 2190 1558 2229 similitudinem

669 2246 879 2286 desumam.
925 2245 1201 2285 Antennarum
1245 2247 1412 2286 extimus
1456 2247 1559 2284 arti·-

667 2302 780 2344 culus
828 2311 972 2341 ovatus
1014 2302 1065 2342 est
1096 2332 1107 2349 ‚
1152 2302 1291 2353 reliqui
1334 2301 1556 2340 breviores.

671 2358 816 2410 Elytra
850 2358 1000 2410 punffis
1033 2358 1286 2396 minutiffimis
1320 2357 1557 2396 inordinatis

666 2414 871 2455 excavatis
922 2412 1112 2467 adspersa.
1160 2411 1321 2453 Thorax
1369 2412 1554 2464 utrinque
