<?xml version="1.0" encoding="UTF-8"?>
<!DOCTYPE html PUBLIC "-//W3C//DTD XHTML 1.0 Transitional//EN"
    "http://www.w3.org/TR/xhtml1/DTD/xhtml1-transitional.dtd">
<html xmlns="http://www.w3.org/1999/xhtml" xml:lang="en" lang="en">
 <head>
  <title>
</title>
<meta http-equiv="Content-Type" content="text/html;charset=utf-8" />
  <meta name='ocr-system' content='tesseract 3.04.00' />
  <meta name='ocr-capabilities' content='ocr_page ocr_carea ocr_par ocr_line ocrx_word'/>
</head>
<body>
  <div class='ocr_page' id='page_1' title='image "./carolilinnaeient01linn_0025.png"; bbox 0 0 1699 2925; ppageno 0'>
   <div class='ocr_carea' id='block_1_1' title="bbox 363 110 1457 184">
    <p class='ocr_par' dir='ltr' id='par_1_1' title="bbox 363 110 1457 184">
     <span class='ocr_line' id='line_1_1' title="bbox 363 110 1457 184; baseline 0.001 -13"><span class='ocrx_word' id='word_1_1' title='bbox 363 110 1232 184; x_wconf 72' lang='lat' dir='ltr'><strong>PRAELOQUIUM.</strong></span> <span class='ocrx_word' id='word_1_2' title='bbox 1390 136 1457 172; x_wconf 59' lang='lat' dir='ltr'>xv</span> 
     </span>
    </p>
   </div>
   <div class='ocr_carea' id='block_1_2' title="bbox 176 193 1459 598">
    <p class='ocr_par' dir='ltr' id='par_1_2' title="bbox 176 193 1459 598">
     <span class='ocr_line' id='line_1_2' title="bbox 182 193 1459 264; baseline 0.001 -13"><span class='ocrx_word' id='word_1_3' title='bbox 182 197 233 253; x_wconf 77' lang='lat' dir='ltr'>in</span> <span class='ocrx_word' id='word_1_4' title='bbox 253 195 570 264; x_wconf 73' lang='lat' dir='ltr'>Speciebus,</span> <span class='ocrx_word' id='word_1_5' title='bbox 610 219 729 253; x_wconf 79' lang='lat' dir='ltr'>mox</span> <span class='ocrx_word' id='word_1_6' title='bbox 754 197 804 253; x_wconf 90' lang='lat' dir='ltr'>in</span> <span class='ocrx_word' id='word_1_7' title='bbox 831 193 1218 261; x_wconf 62' lang='lat' dir='ltr'>Appendz&#39;cibus</span> <span class='ocrx_word' id='word_1_8' title='bbox 1234 235 1245 255; x_wconf 85' lang='lat'>‚</span> <span class='ocrx_word' id='word_1_9' title='bbox 1269 217 1387 251; x_wconf 76' lang='lat' dir='ltr'>mox</span> <span class='ocrx_word' id='word_1_10' title='bbox 1408 200 1459 253; x_wconf 87' lang='lat' dir='ltr'>in</span> 
     </span>
     <span class='ocr_line' id='line_1_3' title="bbox 179 280 1457 349; baseline -0.003 -11"><span class='ocrx_word' id='word_1_11' title='bbox 179 284 392 338; x_wconf 70' lang='lat' dir='ltr'>secunda</span> <span class='ocrx_word' id='word_1_12' title='bbox 451 282 681 349; x_wconf 59' lang='lat' dir='ltr'>Mauris:</span> <span class='ocrx_word' id='word_1_13' title='bbox 744 282 1098 347; x_wconf 82' lang='lat' dir='ltr'>reperiuntur,</span> <span class='ocrx_word' id='word_1_14' title='bbox 1159 280 1457 334; x_wconf 67' lang='lat' dir='ltr'>desideratae</span> 
     </span>
     <span class='ocr_line' id='line_1_4' title="bbox 176 360 1406 430; baseline -0.002 -11"><span class='ocrx_word' id='word_1_15' title='bbox 176 363 382 420; x_wconf 76' lang='lat' dir='ltr'>fuerunt</span> <span class='ocrx_word' id='word_1_16' title='bbox 417 384 745 430; x_wconf 81' lang='lat' dir='ltr'>quartumque</span> <span class='ocrx_word' id='word_1_17' title='bbox 789 366 1029 418; x_wconf 87' lang='lat' dir='ltr'>volumen</span> <span class='ocrx_word' id='word_1_18' title='bbox 1067 360 1406 417; x_wconf 76' lang='lat' dir='ltr'>illustrabunt.</span> 
     </span>
     <span class='ocr_line' id='line_1_5' title="bbox 245 447 1457 517; baseline 0.002 -17"><span class='ocrx_word' id='word_1_19' title='bbox 245 447 380 517; x_wconf 76' lang='lat' dir='ltr'>Quae</span> <span class='ocrx_word' id='word_1_20' title='bbox 395 448 610 504; x_wconf 85' lang='lat' dir='ltr'>Galliam</span> <span class='ocrx_word' id='word_1_21' title='bbox 627 447 852 502; x_wconf 76' lang='lat' dir='ltr'>habitant</span> <span class='ocrx_word' id='word_1_22' title='bbox 870 447 1053 501; x_wconf 65' lang='lat' dir='ltr'>insecia</span> <span class='ocrx_word' id='word_1_23' title='bbox 1067 483 1083 508; x_wconf 85' lang='grc'>,</span> <span class='ocrx_word' id='word_1_24' title='bbox 1100 447 1282 514; x_wconf 79' lang='lat' dir='ltr'>duplici</span> <span class='ocrx_word' id='word_1_25' title='bbox 1298 448 1457 502; x_wconf 77' lang='lat' dir='ltr'>modo</span> 
     </span>
     <span class='ocr_line' id='line_1_6' title="bbox 178 529 1458 598; baseline -0.002 -12"><span class='ocrx_word' id='word_1_26' title='bbox 178 531 402 587; x_wconf 85' lang='lat' dir='ltr'>indicata</span> <span class='ocrx_word' id='word_1_27' title='bbox 426 533 532 585; x_wconf 88' lang='lat' dir='ltr'>sunt</span> <span class='ocrx_word' id='word_1_28' title='bbox 558 533 725 585; x_wconf 84' lang='lat' dir='ltr'>littera</span> <span class='ocrx_word' id='word_1_29' title='bbox 746 533 811 587; x_wconf 89' lang='lat' dir='ltr'>V.</span> <span class='ocrx_word' id='word_1_30' title='bbox 830 532 911 584; x_wconf 91' lang='lat' dir='ltr'>vel</span> <span class='ocrx_word' id='word_1_31' title='bbox 937 530 1210 598; x_wconf 65' lang='lat' dir='ltr'>Inspmz&#39;s.</span> <span class='ocrx_word' id='word_1_32' title='bbox 1230 529 1458 595; x_wconf 52' lang='lat' dir='ltr'>Eaeque</span> 
     </span>
    </p>
   </div>
   <div class='ocr_carea' id='block_1_3' title="bbox 171 613 1459 765">
    <p class='ocr_par' dir='ltr' id='par_1_3' title="bbox 171 613 1459 765">
     <span class='ocr_line' id='line_1_7' title="bbox 171 613 1459 682; baseline 0 -14"><span class='ocrx_word' id='word_1_33' title='bbox 171 617 336 682; x_wconf 57' lang='lat' dir='ltr'>paris:</span> <span class='ocrx_word' id='word_1_34' title='bbox 356 615 696 669; x_wconf 78' lang='lat' dir='ltr'>citationibus,</span> <span class='ocrx_word' id='word_1_35' title='bbox 729 615 894 670; x_wconf 88' lang='lat' dir='ltr'>Error</span> <span class='ocrx_word' id='word_1_36' title='bbox 922 616 1088 669; x_wconf 81' lang='lat' dir='ltr'>forsan</span> <span class='ocrx_word' id='word_1_37' title='bbox 1124 613 1204 667; x_wconf 81' lang='lat' dir='ltr'>hic</span> <span class='ocrx_word' id='word_1_38' title='bbox 1232 613 1327 667; x_wconf 78' lang='lat' dir='ltr'>erit</span> <span class='ocrx_word' id='word_1_39' title='bbox 1356 617 1459 668; x_wconf 68' lang='lat' dir='ltr'>fre-</span> 
     </span>
     <span class='ocr_line' id='line_1_8' title="bbox 181 693 1458 765; baseline -0.004 -12"><span class='ocrx_word' id='word_1_40' title='bbox 181 719 366 765; x_wconf 80' lang='lat' dir='ltr'>quen83</span> <span class='ocrx_word' id='word_1_41' title='bbox 384 697 587 752; x_wconf 88' lang='lat' dir='ltr'>absente</span> <span class='ocrx_word' id='word_1_42' title='bbox 606 695 740 750; x_wconf 88' lang='lat' dir='ltr'>enim</span> <span class='ocrx_word' id='word_1_43' title='bbox 759 712 879 749; x_wconf 86' lang='lat' dir='ltr'>nota</span> <span class='ocrx_word' id='word_1_44' title='bbox 890 694 1122 761; x_wconf 84' lang='lat' dir='ltr'>specifica</span> <span class='ocrx_word' id='word_1_45' title='bbox 1136 693 1286 748; x_wconf 66' lang='lat' dir='ltr'>Lim.</span> <span class='ocrx_word' id='word_1_46' title='bbox 1302 694 1458 749; x_wconf 83' lang='lat' dir='ltr'>etiam</span> 
     </span>
    </p>
   </div>
   <div class='ocr_carea' id='block_1_4' title="bbox 178 775 1457 1014">
    <p class='ocr_par' dir='ltr' id='par_1_4' title="bbox 178 775 1457 1014">
     <span class='ocr_line' id='line_1_9' title="bbox 178 775 1454 847; baseline -0.002 -12"><span class='ocrx_word' id='word_1_47' title='bbox 178 801 297 835; x_wconf 87' lang='lat' dir='ltr'>cum</span> <span class='ocrx_word' id='word_1_48' title='bbox 320 779 683 847; x_wconf 80' lang='lat' dir='ltr'>descriptiones</span> <span class='ocrx_word' id='word_1_49' title='bbox 707 798 809 833; x_wconf 87' lang='lat' dir='ltr'>non</span> <span class='ocrx_word' id='word_1_50' title='bbox 835 778 1009 832; x_wconf 79' lang='lat' dir='ltr'>desunt</span> <span class='ocrx_word' id='word_1_51' title='bbox 1028 820 1040 843; x_wconf 82' lang='lat'><em>,</em></span> <span class='ocrx_word' id='word_1_52' title='bbox 1073 775 1454 832; x_wconf 74' lang='lat' dir='ltr'>individuorum</span> 
     </span>
     <span class='ocr_line' id='line_1_10' title="bbox 178 859 1457 931; baseline 0.002 -14"><span class='ocrx_word' id='word_1_53' title='bbox 178 862 231 918; x_wconf 89' lang='lat' dir='ltr'>in</span> <span class='ocrx_word' id='word_1_54' title='bbox 252 865 328 919; x_wconf 90' lang='lat' dir='ltr'>his</span> <span class='ocrx_word' id='word_1_55' title='bbox 370 865 613 931; x_wconf 85' lang='lat' dir='ltr'>operibus</span> <span class='ocrx_word' id='word_1_56' title='bbox 642 879 1059 919; x_wconf 77' lang='lat' dir='ltr'>enumeratorum</span> <span class='ocrx_word' id='word_1_57' title='bbox 1091 862 1152 915; x_wconf 81' lang='lat' dir='ltr'>ad</span> <span class='ocrx_word' id='word_1_58' title='bbox 1184 859 1457 919; x_wconf 73' lang='lat' dir='ltr'>divisiones</span> 
     </span>
     <span class='ocr_line' id='line_1_11' title="bbox 178 944 1457 1014; baseline -0.001 -13"><span class='ocrx_word' id='word_1_59' title='bbox 178 946 311 1014; x_wconf 82' lang='lat' dir='ltr'><em>Syst.</em></span> <span class='ocrx_word' id='word_1_60' title='bbox 382 946 666 1014; x_wconf 75' lang='lat' dir='ltr'>ambagiosa</span> <span class='ocrx_word' id='word_1_61' title='bbox 732 944 929 1000; x_wconf 78' lang='lat' dir='ltr'>relatio,</span> <span class='ocrx_word' id='word_1_62' title='bbox 996 944 1194 999; x_wconf 71' lang='lat' dir='ltr'>Eadem</span> <span class='ocrx_word' id='word_1_63' title='bbox 1255 949 1457 1013; x_wconf 84' lang='lat' dir='ltr'>prorsus</span> 
     </span>
    </p>
   </div>
   <div class='ocr_carea' id='block_1_5' title="bbox 176 1026 1457 1174">
    <p class='ocr_par' dir='ltr' id='par_1_5' title="bbox 176 1026 1457 1174">
     <span class='ocr_line' id='line_1_12' title="bbox 178 1026 1457 1097; baseline 0.002 -14"><span class='ocrx_word' id='word_1_64' title='bbox 178 1031 437 1086; x_wconf 86' lang='lat' dir='ltr'>calamitas</span> <span class='ocrx_word' id='word_1_65' title='bbox 461 1033 510 1086; x_wconf 92' lang='lat' dir='ltr'>in</span> <span class='ocrx_word' id='word_1_66' title='bbox 534 1029 812 1088; x_wconf 83' lang='lat' dir='ltr'>Carnioliae</span> <span class='ocrx_word' id='word_1_67' title='bbox 838 1026 1232 1093; x_wconf 82' lang='lat' dir='ltr'>Entomologia,</span> <span class='ocrx_word' id='word_1_68' title='bbox 1269 1050 1349 1084; x_wconf 74' lang='lat' dir='ltr'>ex.</span> <span class='ocrx_word' id='word_1_69' title='bbox 1383 1052 1457 1097; x_wconf 85' lang='lat' dir='ltr'>gr.</span> 
     </span>
     <span class='ocr_line' id='line_1_13' title="bbox 176 1110 1457 1174; baseline 0.002 -8"><span class='ocrx_word' id='word_1_70' title='bbox 176 1111 383 1168; x_wconf 81' lang='lat' dir='ltr'>Muscas</span> <span class='ocrx_word' id='word_1_71' title='bbox 417 1114 468 1168; x_wconf 91' lang='lat' dir='ltr'>in</span> <span class='ocrx_word' id='word_1_72' title='bbox 506 1113 586 1168; x_wconf 87' lang='lat' dir='ltr'>M.</span> <span class='ocrx_word' id='word_1_73' title='bbox 619 1110 839 1167; x_wconf 85' lang='lat' dir='ltr'>Nobiles</span> <span class='ocrx_word' id='word_1_74' title='bbox 859 1152 871 1174; x_wconf 90' lang='lat'>‚</span> <span class='ocrx_word' id='word_1_75' title='bbox 907 1110 1140 1165; x_wconf 84' lang='lat' dir='ltr'>Plebeias</span> <span class='ocrx_word' id='word_1_76' title='bbox 1161 1118 1208 1165; x_wconf 72' lang='grc' dir='ltr'>ὅ(</span> <span class='ocrx_word' id='word_1_77' title='bbox 1230 1113 1457 1170; x_wconf 78' lang='lat' dir='ltr'>Muticas</span> 
     </span>
    </p>
   </div>
   <div class='ocr_carea' id='block_1_6' title="bbox 171 1192 1459 2353">
    <p class='ocr_par' dir='ltr' id='par_1_6' title="bbox 171 1192 1459 2353">
     <span class='ocr_line' id='line_1_14' title="bbox 178 1192 1458 1258; baseline 0.004 -11"><span class='ocrx_word' id='word_1_78' title='bbox 178 1194 342 1250; x_wconf 77' lang='lat' dir='ltr'>divisit</span> <span class='ocrx_word' id='word_1_79' title='bbox 377 1195 553 1250; x_wconf 83' lang='lat' dir='ltr'>clariff.</span> <span class='ocrx_word' id='word_1_80' title='bbox 587 1195 668 1250; x_wconf 88' lang='lat' dir='ltr'>D.</span> <span class='ocrx_word' id='word_1_81' title='bbox 701 1192 857 1258; x_wconf 74' lang='lat' dir='ltr'>Scop.</span> <span class='ocrx_word' id='word_1_82' title='bbox 894 1194 1114 1249; x_wconf 84' lang='lat' dir='ltr'>Nobiles</span> <span class='ocrx_word' id='word_1_83' title='bbox 1153 1195 1205 1248; x_wconf 69' lang='grc' dir='ltr'>ὃ(</span> <span class='ocrx_word' id='word_1_84' title='bbox 1237 1196 1458 1252; x_wconf 77' lang='lat' dir='ltr'>Plebeiae</span> 
     </span>
     <span class='ocr_line' id='line_1_15' title="bbox 171 1277 1457 1345; baseline 0.005 -12"><span class='ocrx_word' id='word_1_85' title='bbox 171 1280 283 1333; x_wconf 84' lang='lat' dir='ltr'>sunt</span> <span class='ocrx_word' id='word_1_86' title='bbox 321 1281 402 1333; x_wconf 89' lang='lat' dir='ltr'>vel</span> <span class='ocrx_word' id='word_1_87' title='bbox 441 1281 674 1345; x_wconf 83' lang='lat' dir='ltr'>plumatae</span> <span class='ocrx_word' id='word_1_88' title='bbox 716 1280 799 1332; x_wconf 88' lang='lat' dir='ltr'>vel</span> <span class='ocrx_word' id='word_1_89' title='bbox 838 1278 1062 1339; x_wconf 79' lang='lat' dir='ltr'>setariae,</span> <span class='ocrx_word' id='word_1_90' title='bbox 1098 1277 1382 1337; x_wconf 83' lang='lat' dir='ltr'>differentia</span> <span class='ocrx_word' id='word_1_91' title='bbox 1428 1305 1457 1339; x_wconf 87' lang='lat' dir='ltr'>a</span> 
     </span>
     <span class='ocr_line' id='line_1_16' title="bbox 181 1360 1457 1435; baseline 0.005 -19"><span class='ocrx_word' id='word_1_92' title='bbox 181 1377 416 1418; x_wconf 84' lang='lat' dir='ltr'>tomento</span> <span class='ocrx_word' id='word_1_93' title='bbox 473 1362 526 1416; x_wconf 89' lang='lat'>&amp;</span> <span class='ocrx_word' id='word_1_94' title='bbox 585 1363 696 1430; x_wconf 91' lang='lat' dir='ltr'>pilis</span> <span class='ocrx_word' id='word_1_95' title='bbox 754 1360 984 1430; x_wconf 59' lang='lat' dir='ltr'>neglecta</span> <span class='ocrx_word' id='word_1_96' title='bbox 1035 1364 1144 1421; x_wconf 87' lang='lat' dir='ltr'>fuit.</span> <span class='ocrx_word' id='word_1_97' title='bbox 1203 1365 1457 1435; x_wconf 75' lang='lat' dir='ltr'>Quaeclam</span> 
     </span>
     <span class='ocr_line' id='line_1_17' title="bbox 180 1444 1456 1514; baseline 0.005 -15"><span class='ocrx_word' id='word_1_98' title='bbox 180 1445 312 1512; x_wconf 83' lang='lat' dir='ltr'><em>Syst.</em></span> <span class='ocrx_word' id='word_1_99' title='bbox 354 1466 542 1514; x_wconf 88' lang='lat' dir='ltr'>genera</span> <span class='ocrx_word' id='word_1_100' title='bbox 582 1444 827 1500; x_wconf 84' lang='lat' dir='ltr'>inutiliter</span> <span class='ocrx_word' id='word_1_101' title='bbox 854 1447 1094 1501; x_wconf 82' lang='lat' dir='ltr'>laceravit</span> <span class='ocrx_word' id='word_1_102' title='bbox 1121 1449 1456 1505; x_wconf 74' lang='lat' dir='ltr'>meritissimus</span> 
     </span>
     <span class='ocr_line' id='line_1_18' title="bbox 178 1529 1459 1599; baseline 0 -13"><span class='ocrx_word' id='word_1_103' title='bbox 178 1531 312 1591; x_wconf 90' lang='lat' dir='ltr'>Vir,</span> <span class='ocrx_word' id='word_1_104' title='bbox 369 1530 463 1586; x_wconf 90' lang='lat' dir='ltr'>alia</span> <span class='ocrx_word' id='word_1_105' title='bbox 508 1529 663 1585; x_wconf 84' lang='lat' dir='ltr'>etiam</span> <span class='ocrx_word' id='word_1_106' title='bbox 706 1530 899 1584; x_wconf 91' lang='lat' dir='ltr'>creavit</span> <span class='ocrx_word' id='word_1_107' title='bbox 937 1550 1074 1596; x_wconf 78' lang='lat' dir='ltr'>quae,</span> <span class='ocrx_word' id='word_1_108' title='bbox 1129 1533 1296 1599; x_wconf 77' lang='lat' dir='ltr'>nescio</span> <span class='ocrx_word' id='word_1_109' title='bbox 1336 1533 1459 1599; x_wconf 76' lang='lat' dir='ltr'>quid</span> 
     </span>
     <span class='ocr_line' id='line_1_19' title="bbox 179 1615 1455 1685; baseline 0.005 -16"><span class='ocrx_word' id='word_1_110' title='bbox 179 1617 368 1685; x_wconf 65' lang='lat' dir='ltr'>infizeti</span> <span class='ocrx_word' id='word_1_111' title='bbox 394 1660 410 1680; x_wconf 94' lang='lat'>,</span> <span class='ocrx_word' id='word_1_112' title='bbox 466 1615 688 1683; x_wconf 75' lang='lat' dir='ltr'>produnt</span> <span class='ocrx_word' id='word_1_113' title='bbox 716 1655 729 1680; x_wconf 91' lang='lat'>‚</span> <span class='ocrx_word' id='word_1_114' title='bbox 797 1618 1065 1679; x_wconf 80' lang='lat' dir='ltr'>Anthrax,</span> <span class='ocrx_word' id='word_1_115' title='bbox 1118 1618 1286 1677; x_wconf 80' lang='lat' dir='ltr'>EraX,</span> <span class='ocrx_word' id='word_1_116' title='bbox 1353 1617 1455 1675; x_wconf 77' lang='lat' dir='ltr'>&amp;c-</span> 
     </span>
     <span class='ocr_line' id='line_1_20' title="bbox 178 1700 1454 1769; baseline 0.001 -14"><span class='ocrx_word' id='word_1_117' title='bbox 178 1700 645 1769; x_wconf 84' lang='lat' dir='ltr'>Entomologorum</span> <span class='ocrx_word' id='word_1_118' title='bbox 719 1718 960 1769; x_wconf 85' lang='lat' dir='ltr'>perpetua</span> <span class='ocrx_word' id='word_1_119' title='bbox 1029 1704 1136 1756; x_wconf 82' lang='lat' dir='ltr'>haec</span> <span class='ocrx_word' id='word_1_120' title='bbox 1200 1700 1454 1756; x_wconf 83' lang='lat' dir='ltr'>vacillatio</span> 
     </span>
     <span class='ocr_line' id='line_1_21' title="bbox 181 1786 1458 1855; baseline 0.001 -14"><span class='ocrx_word' id='word_1_121' title='bbox 181 1787 401 1842; x_wconf 80' lang='lat' dir='ltr'>scientiae</span> <span class='ocrx_word' id='word_1_122' title='bbox 437 1787 642 1844; x_wconf 87' lang='lat' dir='ltr'>minime</span> <span class='ocrx_word' id='word_1_123' title='bbox 677 1788 881 1855; x_wconf 88' lang='lat' dir='ltr'>profuit.</span> <span class='ocrx_word' id='word_1_124' title='bbox 925 1789 985 1842; x_wconf 91' lang='lat' dir='ltr'>In</span> <span class='ocrx_word' id='word_1_125' title='bbox 1022 1789 1250 1841; x_wconf 85' lang='lat' dir='ltr'>favorem</span> <span class='ocrx_word' id='word_1_126' title='bbox 1285 1786 1458 1842; x_wconf 80' lang='lat' dir='ltr'>Ento-</span> 
     </span>
     <span class='ocr_line' id='line_1_22' title="bbox 183 1871 1454 1942; baseline 0.004 -19"><span class='ocrx_word' id='word_1_127' title='bbox 183 1871 460 1938; x_wconf 83' lang='lat' dir='ltr'>mologiam</span> <span class='ocrx_word' id='word_1_128' title='bbox 536 1896 710 1931; x_wconf 89' lang='lat' dir='ltr'>amore</span> <span class='ocrx_word' id='word_1_129' title='bbox 784 1873 1190 1942; x_wconf 82' lang='lat' dir='ltr'>prosequentium</span> <span class='ocrx_word' id='word_1_130' title='bbox 1267 1872 1454 1928; x_wconf 64' lang='lat' dir='ltr'>insecla</span> 
     </span>
     <span class='ocr_line' id='line_1_23' title="bbox 182 1952 1455 2022; baseline 0.005 -17"><span class='ocrx_word' id='word_1_131' title='bbox 182 1952 338 2007; x_wconf 78' lang='lat' dir='ltr'>Limz.</span> <span class='ocrx_word' id='word_1_132' title='bbox 382 1952 674 2022; x_wconf 85' lang='lat' dir='ltr'>incognita,</span> <span class='ocrx_word' id='word_1_133' title='bbox 720 1976 865 2011; x_wconf 89' lang='lat' dir='ltr'>more</span> <span class='ocrx_word' id='word_1_134' title='bbox 914 1956 1057 2020; x_wconf 82' lang='lat' dir='ltr'>hujus</span> <span class='ocrx_word' id='word_1_135' title='bbox 1106 1956 1197 2009; x_wconf 85' lang='lat' dir='ltr'>viri</span> <span class='ocrx_word' id='word_1_136' title='bbox 1233 1955 1455 2011; x_wconf 85' lang='lat' dir='ltr'>immor-</span> 
     </span>
     <span class='ocr_line' id='line_1_24' title="bbox 180 2037 1455 2107; baseline 0.005 -17"><span class='ocrx_word' id='word_1_137' title='bbox 180 2037 293 2091; x_wconf 81' lang='lat' dir='ltr'>talis</span> <span class='ocrx_word' id='word_1_138' title='bbox 313 2081 327 2104; x_wconf 87' lang='lat'><strong>,</strong></span> <span class='ocrx_word' id='word_1_139' title='bbox 359 2038 596 2094; x_wconf 88' lang='lat' dir='ltr'>ordinare</span> <span class='ocrx_word' id='word_1_140' title='bbox 627 2040 894 2107; x_wconf 85' lang='lat' dir='ltr'>plurimum</span> <span class='ocrx_word' id='word_1_141' title='bbox 924 2041 1155 2096; x_wconf 75' lang='lat' dir='ltr'>interesse</span> <span class='ocrx_word' id='word_1_142' title='bbox 1181 2043 1455 2099; x_wconf 77' lang='lat' dir='ltr'>arbitratus</span> 
     </span>
     <span class='ocr_line' id='line_1_25' title="bbox 184 2119 1451 2190; baseline 0.006 -19"><span class='ocrx_word' id='word_1_143' title='bbox 184 2119 323 2184; x_wconf 89' lang='lat' dir='ltr'>sum;</span> <span class='ocrx_word' id='word_1_144' title='bbox 369 2142 605 2190; x_wconf 88' lang='lat' dir='ltr'>magnum</span> <span class='ocrx_word' id='word_1_145' title='bbox 654 2143 780 2190; x_wconf 88' lang='lat' dir='ltr'>opus</span> <span class='ocrx_word' id='word_1_146' title='bbox 818 2123 1083 2188; x_wconf 84' lang='lat' dir='ltr'>tyronibus</span> <span class='ocrx_word' id='word_1_147' title='bbox 1122 2123 1451 2178; x_wconf 79' lang='lat' dir='ltr'>necessarium</span> 
     </span>
     <span class='ocr_line' id='line_1_26' title="bbox 177 2201 1454 2273; baseline 0.005 -18"><span class='ocrx_word' id='word_1_148' title='bbox 177 2201 451 2266; x_wconf 84' lang='lat' dir='ltr'>inchoavi,</span> <span class='ocrx_word' id='word_1_149' title='bbox 517 2207 782 2273; x_wconf 85' lang='lat' dir='ltr'>perficient</span> <span class='ocrx_word' id='word_1_150' title='bbox 844 2209 1080 2273; x_wconf 87' lang='lat' dir='ltr'>Nepotes</span> <span class='ocrx_word' id='word_1_151' title='bbox 1123 2226 1144 2260; x_wconf 51' lang='lat' dir='ltr'>z*</span> <span class='ocrx_word' id='word_1_152' title='bbox 1199 2206 1234 2260; x_wconf 83' lang='lat' dir='ltr'>si</span> <span class='ocrx_word' id='word_1_153' title='bbox 1303 2209 1454 2262; x_wconf 75' lang='lat' dir='ltr'>labor-</span> 
     </span>
     <span class='ocr_line' id='line_1_27' title="bbox 178 2284 1315 2353; baseline 0.006 -13"><span class='ocrx_word' id='word_1_154' title='bbox 178 2284 340 2353; x_wconf 85' lang='lat' dir='ltr'>utilis‚</span> <span class='ocrx_word' id='word_1_155' title='bbox 386 2305 576 2344; x_wconf 85' lang='lat' dir='ltr'>metam</span> <span class='ocrx_word' id='word_1_156' title='bbox 625 2292 859 2346; x_wconf 88' lang='lat' dir='ltr'>laborum</span> <span class='ocrx_word' id='word_1_157' title='bbox 907 2291 1152 2346; x_wconf 84' lang='lat' dir='ltr'>assecutus</span> <span class='ocrx_word' id='word_1_158' title='bbox 1194 2292 1315 2347; x_wconf 81' lang='lat' dir='ltr'>sum.</span> 
     </span>
    </p>
   </div>
  </div>
 </body>
</html>
