1593 2940
268 116 349 161 606
488 119 835 165 Annum-rea
880 133 946 165 n-
989 123 1328 172 ComfAnArn

264 212 333 252 sed
373 211 592 253 auxiliante
625 211 783 252 tarfium
823 211 1020 253 methodo
1063 214 1195 256 subito
1231 218 1511 272 separarentur
1542 236 1556 249 ·

265 266 609 321 chrysomelarum
650 269 745 321 tarfi
780 280 919 308 omnes
958 269 1137 310 articulis
1170 282 1229 327 43
1271 255 1550 321 tenebriorun}

263 325 360 376 tarst
386 325 532 377 pedum
557 325 779 378 primorum
812 324 851 364 &
878 324 1102 365 mediorum
1134 328 1314 370 articulis
1351 339 1401 383 5,
1428 334 1550 387 posti..

260 392 402 421 corum
433 394 535 421 vero
555 380 735 420 articulis
762 389 802 431 4.
826 381 880 421 V.

321 435 411 486 Obs.
442 448 482 476 2.
512 436 661 477 Infecta
695 434 853 474 Linnaei
886 448 1079 489 generum
1102 438 1209 479 inter
1234 439 1274 480 se
1301 442 1550 486 diversorum

258 492 300 533 in
328 491 408 533 hoc
435 505 585 546 genere
627 491 822 531 connexit
851 490 909 531 D.
935 491 981 529 de
1022 491 1188 535 Geerus.
1222 496 1302 536 Sub
1334 497 1414 538 hoc
1444 501 1550 541 enim

258 562 409 601 genere
440 546 601 601 silpham
633 546 815 601 rugosam
836 575 848 593 ‚
870 545 1162 600 chrysomelam
1188 549 1334 592 hirtam
1352 584 1365 604 ,
1393 553 1546 607 boleti,

253 603 403 656 hispam
433 604 621 643 muticam
648 602 885 643 collocavit.
916 604 987 644 V.⁴

323 659 414 708 Obs.
444 670 483 712 3.
515 660 638 698 Certe
667 658 746 698 hoc
780 671 906 712 genus
932 658 1050 699 valde
1087 659 1336 715 litigiosum:

254 715 314 755 1⁰.
345 717 390 754 In
420 714 628 768 systemate
647 724 835 754 antennae
856 714 1173 767 moniliformes‚
1203 719 1375 760 articulo
1400 720 1544 764 ultimo

345 770 611 811 subrotundo.

249 826 311 865 2⁰.
343 829 389 866 In
421 826 611 880 operibus
638 825 741 866 DD.
766 826 812 865 de
847 824 949 864 Gecr
977 827 1016 867 &
1046 825 1171 881 Geoffi
1203 827 1410 872 filiformes
1436 832 1541 876 sunt.

246 882 307 933 3⁰.
339 884 383 921 In
418 882 696 936 entomologia
720 881 778 922 D.
805 881 900 921 Fab.
932 882 1224 924 moniliformes
1250 886 1291 925 in
1321 885 1399 926 suis
1423 897 1541 929 tene-

341 937 550 979 brionibus
569 969 582 987 ‚
600 939 723 977 modo
741 936 950 977 filiformes
970 940 1172 992 modoque
1186 940 1476 984 moniliformes
1496 945 1540 986 in

343 995 463 1033 novis
494 992 713 1048 generibus
746 1007 835 1046 quae
860 1003 993 1033 tamen
1012 993 1130 1035 Linn.
1151 996 1413 1039 tenebriones
1429 1011 1536 1040 com-

338 1050 610 1101 prehendunt.

244 1104 306 1155 4⁰.
339 1104 680 1157 Coleopterorum
715 1105 808 1158 [γῇ.
869 1104 1009 1145 divisio
1059 1105 1108 1145 ab
1161 1109 1348 1149 antennis
1386 1108 1539 1164 sumpta

340 1159 508 1212 sequens
532 1159 599 1200 est.

298 1216 505 1257 Antemnis
535 1215 721 1258 clavatis
750 1215 973 1258 extrorsum
1003 1216 1238 1259 incrassatis.

683 1272 1009 1326 --filijormibus
1025 1303 1037 1322 ,

687 1352 740 1362 --
750 1329 919 1380 setaceis
939 1359 952 1379 ,

335 1389 447 1440 Ergo
478 1386 665 1427 antennis
692 1384 1028 1426 moniliformibus
1055 1385 1093 1426 &
1116 1384 1368 1427 filiformibus
1409 1397 1530 1431 unam

334 1445 595 1495 eamdemque
611 1442 846 1482 divifionem
863 1441 905 1480 in
925 1441 1082 1494 system.
1101 1441 1298 1483 stabilavit
1315 1443 1499 1485 Linnaeus
1515 1455 1530 1494 ς

333 1512 425 1539 nam
454 1499 586 1551 ptini,
616 1497 879 1551 chrysomelae
901 1526 914 1547 ‚
953 1496 1214 1538 tenebriones
1250 1501 1300 1539 ad
1338 1498 1441 1540 hanc
1466 1501 1528 1540 di<

329 1555 524 1595 visionem
551 1555 774 1607 pertinent.

236 1610 293 1660 5⁰.
318 1610 522 1651 Antennae
545 1609 754 1649 filiformes
774 1608 862 1649 sunt
890 1608 1052 1662 aequalis
1081 1609 1279 1649 craffitiei.

401 1697 411 1707 .
446 1695 455 1705 .
488 1695 496 1706 .
525 1665 724 1714 setaceae,
754 1664 891 1706 versus
920 1665 1074 1718 apicem
1122 1665 1342 1706 craffiores‚

231 1719 290 1762 6⁰.
320 1723 364 1761 In
378 1721 683 1762 tenebrionibus
698 1721 894 1774 plerisque
912 1719 1047 1774 paullo
1066 1721 1270 1761 craffiores
1286 1721 1372 1760 sunt
1389 1721 1524 1762 versus

299 1780 458 1830 apices,
487 1790 603 1830 quam
634 1777 770 1817 versus
796 1777 901 1817 basin
923 1791 934 1826 3
964 1775 1091 1816 forma
1115 1777 1238 1829 igitur
1261 1777 1524 1819 articulorum.

295 1834 616 1873 orbiculatorum
646 1842 840 1873 antennas
859 1830 1153 1872 moniliformes
1173 1842 1291 1872 notat
1311 1847 1322 1882 3
1351 1831 1521 1886 suntque

297 1898 487 1929 antennae
516 1888 726 1929 filiformes
744 1888 922 1929 articulis
951 1887 1187 1927 orbiculatis
1211 1902 1219 1927 :
1239 1897 1426 1928 antennae
1445 1890 1525 1942 igia—

295 1953 362 1984 tur
402 1947 451 1984 ad
500 1945 713 1985 divisiones
741 1944 950 1998 generales
991 1944 1180 1995 optimae,
1212 1943 1279 1983 sed
1306 1945 1356 1983 ad
1391 1957 1521 1998 genus

294 2000 616 2040 constituendum
639 2000 801 2040 fallaces
823 2029 836 2046 ‚
861 2000 1116 2053 Linnaeufiguc
1145 1998 1245 2039 nihil
1265 1999 1371 2039 aliud
1387 1999 1519 2052 defig=

291 2059 407 2096 navit
425 2059 465 2096 in
484 2057 660 2110 diagnosl
680 2057 838 2110 generis
860 2054 1167 2104 tenebrionum,
1189 2069 1304 2107 quam
1320 2064 1519 2095 antennas

289 2112 580 2151 moniliformes
609 2143 621 2161 ,
658 2112 837 2152 articulis
866 2110 1109 2154 orbiculatis
1137 2120 1180 2150 ut
1207 2112 1248 2150 in
1281 2109 1515 2164 chrysome-

292 2167 339 2206 lis
361 2197 370 2213 ,
390 2167 456 2208 secl
486 2181 568 2207 non
586 2167 809 2207 extrorsum
836 2167 1057 2208 craffiores.
1076 2169 1279 2207 Praeterea
1298 2166 1338 2205 in
1362 2177 1514 2218 genere

290 2223 629 2277 chrysomelarum
650 2233 749 2275 quot
766 2224 983 2264 varietates
1008 2232 1272 2262 antennarum
1286 2251 1298 2273 ‚
1321 2220 1514 2277 secl—nun«

293 2293 410 2333 qnam
445 2279 581 2324 versus
608 2281 761 2333 apicem
792 2278 1043 2321 decrescunt.
1067 2281 1120 2320 Vt³
